
  
  
  
  
  
 
  
  <record xsi:schemaLocation="http://www.loc.gov/MARC21/slim http://www.loc.gov/standards/marcxml/schema/MARC21slim.xsd">
      <leader>00000nam a22      i 4500</leader>
      <controlfield tag="FMT">BK</controlfield>
      <controlfield tag="LDR">00000nam a22      i 4500</controlfield>
      <controlfield tag="001">004086443</controlfield>
      <controlfield tag="005">20150105160958.0</controlfield>
      <controlfield tag="008">150105s1995    cc b     b    100 0 chi d</controlfield>
      <datafield tag="020" ind1=" " ind2=" ">
         <subfield code="a">9787228035670</subfield>
      </datafield>
      <datafield tag="020" ind1=" " ind2=" ">
         <subfield code="a">7228035674</subfield>
      </datafield>
      <datafield tag="040" ind1=" " ind2=" ">
         <subfield code="a">NNU</subfield>
         <subfield code="b">eng</subfield>
         <subfield code="c">NNU</subfield>
         <subfield code="e">rda</subfield>
      </datafield>
      <datafield tag="041" ind1="0" ind2=" ">
         <subfield code="a">chi</subfield>
         <subfield code="f">eng</subfield>
      </datafield>
      <datafield tag="043" ind1=" " ind2=" ">
         <subfield code="a">a-cc---</subfield>
      </datafield>
      <datafield tag="050" ind1=" " ind2="4">
         <subfield code="a">DS797.84.L68</subfield>
         <subfield code="b">Z46 1995</subfield>
      </datafield>
      <datafield tag="066" ind1=" " ind2=" ">
         <subfield code="c">$1</subfield>
      </datafield>
      <datafield tag="111" ind1="2" ind2=" ">
         <subfield code="6">880-01</subfield>
         <subfield code="a">"Zhongguo Xiyu Loulan xue yu Zhong Ya wen ming" xue shu tao lun hui</subfield>
         <subfield code="d">(1995 :</subfield>
         <subfield code="c">Kuerle Shi)</subfield>
      </datafield>
      <datafield tag="245" ind1="1" ind2="0">
         <subfield code="6">880-02</subfield>
         <subfield code="a">Loulan wen hua yan jiu lun ji /</subfield>
         <subfield code="c">Mu Shunying, Zhang Ping zhu bian.</subfield>
      </datafield>
      <datafield tag="246" ind1="1" ind2=" ">
         <subfield code="i">English title from table of content:</subfield>
         <subfield code="a">Collection of papers of study on the Loulan Culture</subfield>
      </datafield>
      <datafield tag="250" ind1=" " ind2=" ">
         <subfield code="6">880-03</subfield>
         <subfield code="a">Di 1 ban.</subfield>
      </datafield>
      <datafield tag="264" ind1=" " ind2="1">
         <subfield code="6">880-04</subfield>
         <subfield code="a">Wulumuqi :</subfield>
         <subfield code="b">Xinjiang ren min chu ban she,</subfield>
         <subfield code="c">1995.</subfield>
      </datafield>
      <datafield tag="300" ind1=" " ind2=" ">
         <subfield code="a">448 pages :</subfield>
         <subfield code="b">1 folded map ;</subfield>
         <subfield code="c">21 cm.</subfield>
      </datafield>
      <datafield tag="336" ind1=" " ind2=" ">
         <subfield code="a">text</subfield>
         <subfield code="b">txt</subfield>
         <subfield code="2">rdacontent</subfield>
      </datafield>
      <datafield tag="337" ind1=" " ind2=" ">
         <subfield code="a">unmediated</subfield>
         <subfield code="b">n</subfield>
         <subfield code="2">rdamedia</subfield>
      </datafield>
      <datafield tag="338" ind1=" " ind2=" ">
         <subfield code="a">volume</subfield>
         <subfield code="b">nc</subfield>
         <subfield code="2">rdacarrier</subfield>
      </datafield>
      <datafield tag="490" ind1="1" ind2=" ">
         <subfield code="6">880-05</subfield>
         <subfield code="a">Loulan wen hua yan jiu cong shu</subfield>
      </datafield>
      <datafield tag="500" ind1=" " ind2=" ">
         <subfield code="6">880-06</subfield>
         <subfield code="a">Ben shu you Zhongguo Zhong Ya yan jiu hui he Xinjiang Bayinguole Menggu Zizhizhou Zhongguo Loulan yan jiu zhong xin deng dan wei lian he fa qi de, zai 1995 nian 10 yu di zai Xinjiang Bayinguole Zizhizhou shou fu Kuerle Shi zhao kai de "Zhongguo Xiyu Loulan xue yu Zhong Ya wen ming" xue shu tao lun hui lun wen hui ji er cheng.</subfield>
      </datafield>
      <datafield tag="504" ind1=" " ind2=" ">
         <subfield code="a">Includes bibliographical references (pages 445-446).</subfield>
      </datafield>
      <datafield tag="505" ind1="0" ind2="0">
         <subfield code="6">880-07</subfield>
         <subfield code="t">Gu Loulan wen ming de fa xian ji yan jiu /</subfield>
         <subfield code="r">Mu Shunying --</subfield>
         <subfield code="t">Loulan Niay yi zhi gai shu /</subfield>
         <subfield code="r">Lin Meicun --</subfield>
         <subfield code="t">Lun Loulan cheng de fa zhan ji qi shuai bian /</subfield>
         <subfield code="r">Hou Can --</subfield>
         <subfield code="t">Loulan wang guo de xin shuai ji qi yuan yin de tan tao /</subfield>
         <subfield code="r">Huan Wenfang --</subfield>
         <subfield code="t">Loulan gu cheng li shi di li ruo gan wen ti de tan tao /</subfield>
         <subfield code="r">Chen Ruguo --</subfield>
         <subfield code="t">Loulan gu cheng zhi diao cha yu shi jue jian bao; Loulan cheng jiao gu mu fa jue jian bao /</subfield>
         <subfield code="r">Xinjiang Loulan kao gu dui --</subfield>
         <subfield code="t">Loulan gu mu di fa jue jian kuang /</subfield>
         <subfield code="r">Mu shunying --</subfield>
         <subfield code="t">Kongque He gu mu gou fa jue ji qi yan jiu /</subfield>
         <subfield code="r">Wang Binghua --</subfield>
         <subfield code="t">Luobuzhuer Diqu Dong Han mu fa jue ji yan jiu /</subfield>
         <subfield code="r">Tuerxun・Aisha --</subfield>
         <subfield code="t">Yuli Xian yin ban gu mu diao cha ji yan jiu /</subfield>
         <subfield code="r">Yang Yiyong --</subfield>
         <subfield code="t">Qiewei Xian Zhahongluke mu di fa jue gai kuang /</subfield>
         <subfield code="r">Ahemaiti --</subfield>
         <subfield code="t">Qiemo Xian Zhahongluke gu mu zang jing li jian bao /</subfield>
         <subfield code="r">He Dexiu --</subfield>
         <subfield code="t">Luobupo Diqu wen wu pu cha jian bao /</subfield>
         <subfield code="r">Zhang Yuzhong, Yidilisi・Abudu --</subfield>
         <subfield code="t">Ruoqiang Xian wen wu diao cha jian kuang /</subfield>
         <subfield code="r">Huang Xiaojiang --</subfield>
         <subfield code="t">Ruoqiang Xian “Shi tou cheng” kan cha ji /</subfield>
         <subfield code="r">Zhang Ping --</subfield>
         <subfield code="t">Luobuzhuoerying yi zhi shi xi /</subfield>
         <subfield code="r">Meng Fanren --</subfield>
         <subfield code="t">Milan gu guan gai qu dao ji qi xiang guan de yi xie weng ti /</subfield>
         <subfield code="r">Chen Ge</subfield>
      </datafield>
      <datafield tag="505" ind1="0" ind2="0">
         <subfield code="6">880-08</subfield>
         <subfield code="t">Milan fo si “You yi tian shi” bi hua yan jiu /</subfield>
         <subfield code="r">Qiu Ling --</subfield>
         <subfield code="t">Ruoqiang Xian Bashixiaer yi zhi chu tu de gu dai bo li qi min /</subfield>
         <subfield code="r">Zhang Ping --</subfield>
         <subfield code="t">Lun Han Jin shi qi Luobuzhuoer di qu yu wai jie de jiao tong /</subfield>
         <subfield code="r">Yang Yongyi --</subfield>
         <subfield code="t">Luobupo ke xue kao cha zong shu /</subfield>
         <subfield code="r">Xia Xuncheng --</subfield>
         <subfield code="t">Luobupo wei xing ying xiang di li te zheng de yan jiu /</subfield>
         <subfield code="r">Xi Guojin --</subfield>
         <subfield code="t">Loulan wang guo de xiao shi he si lu bian qian yu qi hou guan xi /</subfield>
         <subfield code="r">Li Jiangfeng --</subfield>
         <subfield code="t">Xinjiang “Si chou zhi lu” ji qi huan jing bian qian /</subfield>
         <subfield code="r">Hu Wenkang --</subfield>
         <subfield code="t">Loulan gu shi de fa xian ji qi yan jiu /</subfield>
         <subfield code="r">Mu Shunying --</subfield>
         <subfield code="t">Loulan gu shi yan jiu zong he bao gao /</subfield>
         <subfield code="r">Chen Zhiyi, Xu Yongqing --</subfield>
         <subfield code="t">Ren lei xue guan ce he ce liang /</subfield>
         <subfield code="r">Xu Yongqing, He Huiqin --</subfield>
         <subfield code="t">Zhahongluke 2 hao mu gu shi yan jiu /</subfield>
         <subfield code="r">Shao Xingzhou, Wang Bo --</subfield>
         <subfield code="t">Xinjiang gu dai ju min zhong zu ren lei xue yan jiu /</subfield>
         <subfield code="r">Han Kangxin.</subfield>
      </datafield>
      <datafield tag="505" ind1="0" ind2="0">
         <subfield code="t">Discovery of the ancient Loulan civilization and its study /</subfield>
         <subfield code="r">Mu Shunyin --</subfield>
         <subfield code="t">Introduction to the Njya and Loualn /</subfield>
         <subfield code="r">Lin Meicun --</subfield>
         <subfield code="t">Essay on Loulan's delopment and decne /</subfield>
         <subfield code="r">Hou Can --</subfield>
         <subfield code="t">Inquiring into rise and decline of Loulan Kingdom and its reason /</subfield>
         <subfield code="r">Huang Wenfang --</subfield>
         <subfield code="t">Probing into some historic geographic problems of ancient Loulan City /</subfield>
         <subfield code="r">Chen Ruguo --</subfield>
         <subfield code="t">Investigation and brief report of testing excavation in ancien city ruin of Loulan ; Brief report of testing excavation of the ancient tombs group on ourskirt of Loulan /</subfield>
         <subfield code="r">Loulan archaeological team of Xinjiang --</subfield>
         <subfield code="t">Brief introduction to the ancient cemetery of Loulan /</subfield>
         <subfield code="r">Mu Shunying --</subfield>
         <subfield code="t">Excavation of Gumugou cemetery in Kongque River and its study /</subfield>
         <subfield code="r">Wang Binghua --</subfield>
         <subfield code="t">Excavation of the Eastern Han tombs of Lop Nor and its study /</subfield>
         <subfield code="r">Tursun Aisa --</subfield>
         <subfield code="t">Investigation to the ancient Yinban tombs and its study in Weili County, Xinjiang /</subfield>
         <subfield code="r">Yang Yiyong --</subfield>
         <subfield code="t">Survey of excavation of the Zahongluk Cemetery in Qiemo County /</subfield>
         <subfield code="r">Ahmate Rexit --</subfield>
         <subfield code="t">Brief report of excavation of ancient Zahongluk tombs in Qiemo County /</subfield>
         <subfield code="r">He Dexiu --</subfield>
         <subfield code="t">Brief report of general investigation in Lop Nor /</subfield>
         <subfield code="r">Zhang Yuzhong; Idilis Abudo --</subfield>
         <subfield code="t">Brief introduction of investigation to the cultural relics of Ruoqiang County /</subfield>
         <subfield code="r">Huang Xiaojiang --</subfield>
      </datafield>
      <datafield tag="505" ind1="0" ind2="0">
         <subfield code="t">Reconnaissance of "Shidou City" in Ruoqiang /</subfield>
         <subfield code="r">Zhang Ping --</subfield>
         <subfield code="t">Preliminary analysis of the Tuyin Site in Lop Nor /</subfield>
         <subfield code="r">Meng Fanyen --</subfield>
         <subfield code="t">On the ancient irrigation canal of Milan and some relative problems /</subfield>
         <subfield code="r">Chen Ge --</subfield>
         <subfield code="t">Study on the "Angel with wing" of wallpaintings of Buddhist temple in Milan /</subfield>
         <subfield code="r">Qiu Ling --</subfield>
         <subfield code="t">Ancient glasswares unearthed from Ba-shi-xia-er site in Ruoqiang county /</subfield>
         <subfield code="r">Zhang Ping --</subfield>
         <subfield code="t">Study on the transportation between outside world and Lop Nor in the Han-Jin dynasty /</subfield>
         <subfield code="r">Yang Yiyong --</subfield>
         <subfield code="t">Summary on the scientific inspection to Lop Nor /</subfield>
         <subfield code="r">Xia Xuncheng --</subfield>
         <subfield code="t">Study on the geographic characteristics of satellite image in Lop Nor /</subfield>
         <subfield code="r">Xi Guojin --</subfield>
         <subfield code="t">Relations between climate and Loulan Kingdom's decline as so as the Silk Road vicissitudes /</subfield>
         <subfield code="r">Li Jiangfeng --</subfield>
         <subfield code="t">"Silk Road" in Xinjiang and its environmental changes /</subfield>
         <subfield code="r">Hu Wengkang --</subfield>
         <subfield code="t">Discovery of ancient corpes of Loulan and its study /</subfield>
         <subfield code="r">Mu Shunying --</subfield>
         <subfield code="t">Summerised report of study on the ancient corpes of Loulan /</subfield>
         <subfield code="r">Chen Zhiyi; Xu Yongqing --</subfield>
         <subfield code="t">Observation and measure in anthropology /</subfield>
         <subfield code="r">Xu Yongqing ; He Haiqin --</subfield>
         <subfield code="t">Study on the corpes found at No.2 tombin Zahongluk /</subfield>
         <subfield code="r">Shao Xingzhou ; Wang Bo --</subfield>
         <subfield code="t">Study on race of ancient people in Xinjiang viewed from anthropology /</subfield>
         <subfield code="r">Han Kangxing.</subfield>
      </datafield>
      <datafield tag="651" ind1=" " ind2="0">
         <subfield code="a">Loulan (Extinct city)</subfield>
         <subfield code="x">History</subfield>
         <subfield code="v">Congresses.</subfield>
      </datafield>
      <datafield tag="650" ind1=" " ind2="0">
         <subfield code="a">Niya Site (China)</subfield>
         <subfield code="x">History</subfield>
         <subfield code="v">Congresses</subfield>
      </datafield>
      <datafield tag="700" ind1="1" ind2=" ">
         <subfield code="a">Mu, Shunying</subfield>
         <subfield code="6">880-09</subfield>
         <subfield code="e">editor.</subfield>
      </datafield>
      <datafield tag="700" ind1="1" ind2=" ">
         <subfield code="6">880-10</subfield>
         <subfield code="a">Zhang, Ping,</subfield>
         <subfield code="e">editor.</subfield>
      </datafield>
      <datafield tag="710" ind1="2" ind2=" ">
         <subfield code="6">880-11</subfield>
         <subfield code="a">Zhongguo Zhong Ya yan jiu hui,</subfield>
         <subfield code="e">organizer.</subfield>
      </datafield>
      <datafield tag="710" ind1="2" ind2=" ">
         <subfield code="6">880-12</subfield>
         <subfield code="a">Xinjiang Bayinguole Menggu Zizhizhou Zhongguo Loulan yan jiu zhong xin,</subfield>
         <subfield code="e">organizer.</subfield>
      </datafield>
      <datafield tag="880" ind1="2" ind2=" ">
         <subfield code="6">111-01/</subfield>
         <subfield code="a">"中国西域楼兰学与中亚文明"学术讨论会</subfield>
         <subfield code="d">(1995 :</subfield>
         <subfield code="c">Kuerle Shi)</subfield>
      </datafield>
      <datafield tag="880" ind1="1" ind2="0">
         <subfield code="6">245-02/</subfield>
         <subfield code="a">楼兰文化研究论集 /</subfield>
         <subfield code="c">穆舜英, 张平主编.</subfield>
      </datafield>
      <datafield tag="880" ind1=" " ind2=" ">
         <subfield code="6">250-03/</subfield>
         <subfield code="a">第1版.</subfield>
      </datafield>
      <datafield tag="880" ind1=" " ind2="1">
         <subfield code="6">264-04/</subfield>
         <subfield code="a">乌鲁木齐 :</subfield>
         <subfield code="b">新疆人民出版社,</subfield>
         <subfield code="c">1995.</subfield>
      </datafield>
      <datafield tag="880" ind1="1" ind2=" ">
         <subfield code="6">490-05/</subfield>
         <subfield code="a">楼兰文化研究丛书</subfield>
      </datafield>
      <datafield tag="880" ind1=" " ind2=" ">
         <subfield code="6">500-06/</subfield>
         <subfield code="a">本书由中国中亚研究会和新疆巴音郭楞蒙古自治州中国楼兰研究中心等单位联合发起的，在1995年10月底在新疆巴音郭楞自治州首府库尔勒市召开的“中国西域楼兰学与中亚文明”学术讨论会论文汇集而成.</subfield>
      </datafield>
      <datafield tag="880" ind1="0" ind2="0">
         <subfield code="6">505-07/</subfield>
         <subfield code="t">古楼兰文明的发现及研究 /</subfield>
         <subfield code="r">穆舜英 --</subfield>
         <subfield code="t">楼兰尼雅遗址概述 /</subfield>
         <subfield code="r">林梅村 --</subfield>
         <subfield code="t">论楼兰城的发展及其衰废 /</subfield>
         <subfield code="r">侯灿 --</subfield>
         <subfield code="t">楼兰王国的兴衰及其原因的探讨 /</subfield>
         <subfield code="r">黄文房 --</subfield>
         <subfield code="t">楼兰古城历史地理若干问题的探讨 /</subfield>
         <subfield code="r">陈汝国 --</subfield>
         <subfield code="t">楼兰古城址调查与试掘简报; 楼兰城郊古墓群发掘简报 /</subfield>
         <subfield code="r">新疆楼兰考古队 --</subfield>
         <subfield code="t">楼兰古墓地发掘简况 /</subfield>
         <subfield code="r">穆舜英 --</subfield>
         <subfield code="t">孔雀河古墓沟发掘及其研究 /</subfield>
         <subfield code="r">王炳华 --</subfield>
         <subfield code="t">罗布淖尔地区东汉墓发掘及研究 /</subfield>
         <subfield code="r">吐尔逊・艾沙 --</subfield>
         <subfield code="t">尉犁县因半古墓调查及研究 /</subfield>
         <subfield code="r">羊毅勇 --</subfield>
         <subfield code="t">且末县扎洪鲁克墓地发掘概况 /</subfield>
         <subfield code="r">阿合买提 --</subfield>
         <subfield code="t">且末县扎洪鲁克古墓葬清理简报 /</subfield>
         <subfield code="r">何德修 --</subfield>
         <subfield code="t">罗布泊地区文物普查简报 /</subfield>
         <subfield code="r">张玉忠, 伊弟利斯・阿布都 --</subfield>
         <subfield code="t">若羌县文物调查简况 /</subfield>
         <subfield code="r">黄小江 --</subfield>
         <subfield code="t">若羌县“石头城”勘查记 /</subfield>
         <subfield code="r">张平 --</subfield>
         <subfield code="t">罗布淖尔土垠遗址试析 /</subfield>
         <subfield code="r">孟凡人 --</subfield>
         <subfield code="t">米兰古灌溉渠道及其相关的一些问题 /</subfield>
         <subfield code="r">陈戈</subfield>
      </datafield>
      <datafield tag="880" ind1="0" ind2="0">
         <subfield code="6">505-08/</subfield>
         <subfield code="t">米兰佛寺“有翼天使”壁画研究 /</subfield>
         <subfield code="r">邱陵 --</subfield>
         <subfield code="t">若羌县巴什夏尔遗址出土的古代玻璃器皿 /</subfield>
         <subfield code="r">张平 --</subfield>
         <subfield code="t">论汉晋时期罗布淖尔地区与外界的交通 /</subfield>
         <subfield code="r">羊勇毅 --</subfield>
         <subfield code="t">罗布泊科学考察综述 /</subfield>
         <subfield code="r">夏训诚 --</subfield>
         <subfield code="t">罗布泊卫星影像地理特征的研究 /</subfield>
         <subfield code="r">奚国金 --</subfield>
         <subfield code="t">楼兰王国的消亡和丝路变迁与气候关系 /</subfield>
         <subfield code="r">李江风 --</subfield>
         <subfield code="t">新疆“丝绸之路”及其环境变迁 /</subfield>
         <subfield code="r">胡文康 --</subfield>
         <subfield code="t">楼兰古尸的发现及其研究 /</subfield>
         <subfield code="r">穆舜英 --</subfield>
         <subfield code="t">楼兰古尸研究综合报告 /</subfield>
         <subfield code="r">陈芝仪, 徐永庆 --</subfield>
         <subfield code="t">人类学观察和测量 /</subfield>
         <subfield code="r">徐勇庆, 何惠琴 --</subfield>
         <subfield code="t">扎洪鲁克2号墓古尸研究 /</subfield>
         <subfield code="r">绍兴周, 王博 --</subfield>
         <subfield code="t">新疆古代居民种族人类学研究 /</subfield>
         <subfield code="r">韩康信.</subfield>
      </datafield>
      <datafield tag="880" ind1="1" ind2=" ">
         <subfield code="6">700-09/</subfield>
         <subfield code="a">穆舜英,</subfield>
         <subfield code="e">editor.</subfield>
      </datafield>
      <datafield tag="880" ind1="1" ind2=" ">
         <subfield code="6">700-10/</subfield>
         <subfield code="a">张平,</subfield>
         <subfield code="e">editor.</subfield>
      </datafield>
      <datafield tag="880" ind1="2" ind2=" ">
         <subfield code="6">710-11/</subfield>
         <subfield code="a">中国中亚研究会,</subfield>
         <subfield code="e">organizer.</subfield>
      </datafield>
      <datafield tag="880" ind1="2" ind2=" ">
         <subfield code="6">710-12/</subfield>
         <subfield code="a">新疆巴音郭楞蒙古自治州中国楼兰研究中心,</subfield>
         <subfield code="e">organizer.</subfield>
      </datafield>
      <datafield tag="830" ind1=" " ind2="0">
         <subfield code="a">Loulan wen hua yan jiu cong shu</subfield>
         <subfield code="6">880-13</subfield>
      </datafield>
      <datafield tag="880" ind1=" " ind2="0">
         <subfield code="6">830-13/</subfield>
         <subfield code="a">楼兰文化研究丛书.</subfield>
      </datafield>
      <datafield tag="OWN" ind1=" " ind2=" ">
         <subfield code="a">GENERAL</subfield>
      </datafield>
      <datafield tag="AVA" ind1=" " ind2=" ">
         <subfield code="a">NYU50</subfield>
         <subfield code="b">NISAW</subfield>
         <subfield code="c">Small Collection</subfield>
         <subfield code="d">DS797.84.L68 Z46 1995</subfield>
         <subfield code="e">available</subfield>
         <subfield code="t">Available</subfield>
         <subfield code="f">1</subfield>
         <subfield code="g">0</subfield>
         <subfield code="h">N</subfield>
         <subfield code="i">0</subfield>
         <subfield code="j">SMALL</subfield>
         <subfield code="k">0</subfield>
      </datafield>
      <marc:datafield tag="852" ind1=" " ind2=" ">
         <marc:subfield code="b">Institute for the Study of the Ancient World, </marc:subfield>
         <marc:subfield code="c">Small Collection</marc:subfield>
         <marc:subfield code="e">15 East 84th St., </marc:subfield>
         <marc:subfield code="e">New York, NY  10028</marc:subfield>
      </marc:datafield>
   </record>