
  
  
  
  
  
 
  
  <record xsi:schemaLocation="http://www.loc.gov/MARC21/slim http://www.loc.gov/standards/marcxml/schema/MARC21slim.xsd">
      <leader>00000cam a22      a 4500</leader>
      <controlfield tag="FMT">BK</controlfield>
      <controlfield tag="LDR">00000cam a22      a 4500</controlfield>
      <controlfield tag="001">004087269</controlfield>
      <controlfield tag="005">20150106130115.0</controlfield>
      <controlfield tag="008">150106s2008    ir a     b    001 0dper</controlfield>
      <datafield tag="010" ind1=" " ind2=" ">
         <subfield code="a">  2008327531</subfield>
      </datafield>
      <datafield tag="020" ind1=" " ind2=" ">
         <subfield code="a">9789644237119</subfield>
      </datafield>
      <datafield tag="020" ind1=" " ind2=" ">
         <subfield code="a">9644237110</subfield>
      </datafield>
      <datafield tag="035" ind1=" " ind2=" ">
         <subfield code="a">(OCoLC)426482271</subfield>
      </datafield>
      <datafield tag="040" ind1=" " ind2=" ">
         <subfield code="a">DLC</subfield>
         <subfield code="b">eng</subfield>
         <subfield code="c">DLC</subfield>
         <subfield code="d">OCLCQ</subfield>
         <subfield code="d">OCLCO</subfield>
         <subfield code="d">OCLCF</subfield>
         <subfield code="d">OCLCO</subfield>
      </datafield>
      <datafield tag="042" ind1=" " ind2=" ">
         <subfield code="a">lcode</subfield>
      </datafield>
      <datafield tag="043" ind1=" " ind2=" ">
         <subfield code="a">a-iq---</subfield>
      </datafield>
      <datafield tag="050" ind1="0" ind2="0">
         <subfield code="a">DS307</subfield>
         <subfield code="b">.N373 2008</subfield>
      </datafield>
      <datafield tag="100" ind1="0" ind2=" ">
         <subfield code="6">880-01</subfield>
         <subfield code="a">Nāṣir al-Dīn Shāh,</subfield>
         <subfield code="c">Shah of Iran,</subfield>
         <subfield code="d">1831-1896.</subfield>
      </datafield>
      <datafield tag="245" ind1="1" ind2="0">
         <subfield code="6">880-02</subfield>
         <subfield code="a">Safarnāmah-ʼi ʻIrāq-i ʻAjam /</subfield>
         <subfield code="c">nivishtah-ʼi Nāṣir al-Dīn Shāh Qājār. Bih z̤amīmah-ʼi Tārīkh va jughrāfiyā-yi rāh-i ʻIrāq-i ʻAjam / nivishtah-ʼi Muḥammad Ḥasan Khān Iʻtimād al-Salṭanah ; bih taṣḥīḥ-i Mīr Hāshim Muḥaddis̲.</subfield>
      </datafield>
      <datafield tag="250" ind1=" " ind2=" ">
         <subfield code="6">880-03</subfield>
         <subfield code="a">Chāp-i 1.</subfield>
      </datafield>
      <datafield tag="260" ind1=" " ind2=" ">
         <subfield code="6">880-04</subfield>
         <subfield code="a">Tihrān :</subfield>
         <subfield code="b">Intishārāt-i Iṭṭilāʻāt,</subfield>
         <subfield code="c">1387 [2008 or 2009]</subfield>
      </datafield>
      <datafield tag="300" ind1=" " ind2=" ">
         <subfield code="a">384 pages :</subfield>
         <subfield code="b">illustrations ;</subfield>
         <subfield code="c">23 cm</subfield>
      </datafield>
      <datafield tag="336" ind1=" " ind2=" ">
         <subfield code="a">text</subfield>
         <subfield code="b">txt</subfield>
         <subfield code="2">rdacontent</subfield>
      </datafield>
      <datafield tag="337" ind1=" " ind2=" ">
         <subfield code="a">unmediated</subfield>
         <subfield code="b">n</subfield>
         <subfield code="2">rdamedia</subfield>
      </datafield>
      <datafield tag="338" ind1=" " ind2=" ">
         <subfield code="a">volume</subfield>
         <subfield code="b">nc</subfield>
         <subfield code="2">rdacarrier</subfield>
      </datafield>
      <datafield tag="546" ind1=" " ind2=" ">
         <subfield code="a">In Persian.</subfield>
      </datafield>
      <datafield tag="504" ind1=" " ind2=" ">
         <subfield code="a">Includes bibliographical references and indexes.</subfield>
      </datafield>
      <datafield tag="520" ind1=" " ind2=" ">
         <subfield code="a">Travelogs of Nāṣir al-Dīn Shāh, Shah of Iran, 1831-1896 and Muḥammad Ḥasan Khān, Iʻtimād al-Salṭanah, d. 1896 to Iraq.</subfield>
      </datafield>
      <datafield tag="600" ind1="0" ind2="0">
         <subfield code="6">880-05</subfield>
         <subfield code="a">Nāṣir al-Dīn Shāh,</subfield>
         <subfield code="c">Shah of Iran,</subfield>
         <subfield code="d">1831-1896</subfield>
         <subfield code="x">Travel</subfield>
         <subfield code="z">Iraq.</subfield>
      </datafield>
      <datafield tag="651" ind1=" " ind2="0">
         <subfield code="a">Iran</subfield>
         <subfield code="x">Kings and rulers</subfield>
         <subfield code="x">Travel</subfield>
         <subfield code="z">Iraq.</subfield>
      </datafield>
      <datafield tag="651" ind1=" " ind2="0">
         <subfield code="a">Iraq</subfield>
         <subfield code="x">Description and travel.</subfield>
      </datafield>
      <datafield tag="600" ind1="0" ind2="0">
         <subfield code="6">880-06</subfield>
         <subfield code="a">Muḥammad Ḥasan Khān,</subfield>
         <subfield code="c">Iʻtimād al-Salṭanah,</subfield>
         <subfield code="d">-1896</subfield>
         <subfield code="x">Travel</subfield>
         <subfield code="z">Iraq.</subfield>
      </datafield>
      <datafield tag="600" ind1="0" ind2="7">
         <subfield code="a">Muḥammad Ḥasan Khān,</subfield>
         <subfield code="c">Iʻtimād al-Salṭanah,</subfield>
         <subfield code="d">-1896.</subfield>
         <subfield code="2">fast</subfield>
         <subfield code="0">(OCoLC)fst01836281</subfield>
      </datafield>
      <datafield tag="600" ind1="0" ind2="7">
         <subfield code="a">Nāṣir al-Dīn Shāh,</subfield>
         <subfield code="c">Shah of Iran,</subfield>
         <subfield code="d">1831-1896.</subfield>
         <subfield code="2">fast</subfield>
         <subfield code="0">(OCoLC)fst00042232</subfield>
      </datafield>
      <datafield tag="650" ind1=" " ind2="7">
         <subfield code="a">Kings and rulers</subfield>
         <subfield code="x">Travel.</subfield>
         <subfield code="2">fast</subfield>
         <subfield code="0">(OCoLC)fst00987727</subfield>
      </datafield>
      <datafield tag="650" ind1=" " ind2="7">
         <subfield code="a">Travel.</subfield>
         <subfield code="2">fast</subfield>
         <subfield code="0">(OCoLC)fst01155558</subfield>
      </datafield>
      <datafield tag="651" ind1=" " ind2="7">
         <subfield code="a">Iran.</subfield>
         <subfield code="2">fast</subfield>
         <subfield code="0">(OCoLC)fst01204889</subfield>
      </datafield>
      <datafield tag="651" ind1=" " ind2="7">
         <subfield code="a">Iraq.</subfield>
         <subfield code="2">fast</subfield>
         <subfield code="0">(OCoLC)fst01205757</subfield>
      </datafield>
      <datafield tag="700" ind1="1" ind2=" ">
         <subfield code="6">880-07</subfield>
         <subfield code="a">Muḥaddis̲, Mīr Hāshim.</subfield>
      </datafield>
      <datafield tag="700" ind1="0" ind2="2">
         <subfield code="6">880-08</subfield>
         <subfield code="a">Muḥammad Ḥasan Khān,</subfield>
         <subfield code="c">Iʻtimād al-Salṭanah,</subfield>
         <subfield code="d">-1896.</subfield>
         <subfield code="t">Tārīkh va jughrāfiyā-yi rāh-i ʻIrāq-i ʻAjam.</subfield>
      </datafield>
      <datafield tag="880" ind1="0" ind2=" ">
         <subfield code="6">100-01/</subfield>
         <subfield code="a">ناصر الدين شاه،</subfield>
         <subfield code="c">شاه ايران.</subfield>
      </datafield>
      <datafield tag="880" ind1="1" ind2="0">
         <subfield code="6">245-02/</subfield>
         <subfield code="a">سفرنامۀ عراق عجم /</subfield>
         <subfield code="c">نوشتۀ ناصر الدين شاه قاجار. به ضميمۀ تاريخ و جغرافياى راه عراق عجم / نوشتۀ محمد حسن خان اعتماد السلطنه ; به تصحيح مير هاشم محدث.</subfield>
      </datafield>
      <datafield tag="880" ind1=" " ind2=" ">
         <subfield code="6">250-03/</subfield>
         <subfield code="a">چاپ 1.</subfield>
      </datafield>
      <datafield tag="880" ind1=" " ind2=" ">
         <subfield code="6">260-04/</subfield>
         <subfield code="a">تهران :</subfield>
         <subfield code="b">انتشارات اطلاعات،</subfield>
         <subfield code="c">1387 [2008 or 2009].</subfield>
      </datafield>
      <datafield tag="880" ind1="0" ind2="4">
         <subfield code="6">600-05/</subfield>
         <subfield code="a">ناصر الدين شاه،</subfield>
         <subfield code="c">شاه ايران.</subfield>
      </datafield>
      <datafield tag="880" ind1="0" ind2="4">
         <subfield code="6">600-06/</subfield>
         <subfield code="a">محمد حسن خان،</subfield>
         <subfield code="c">اعتماد السلطنه.</subfield>
      </datafield>
      <datafield tag="880" ind1="1" ind2=" ">
         <subfield code="6">700-07/</subfield>
         <subfield code="a">محدث، مير هاشم.</subfield>
      </datafield>
      <datafield tag="880" ind1="0" ind2="2">
         <subfield code="6">700-08/</subfield>
         <subfield code="a">محمد حسن خان،</subfield>
         <subfield code="c">اعتماد السلطنه.</subfield>
         <subfield code="t">تاريخ و جغرافياى راه عراق عجم.</subfield>
      </datafield>
      <datafield tag="856" ind1="4" ind2="1">
         <subfield code="3">Table of contents</subfield>
         <subfield code="u">http://catdir.loc.gov/catdir/toc/fy10pdf02/2008327531.html</subfield>
      </datafield>
      <datafield tag="OWN" ind1=" " ind2=" ">
         <subfield code="a">GENERAL</subfield>
      </datafield>
      <datafield tag="AVA" ind1=" " ind2=" ">
         <subfield code="a">NYU50</subfield>
         <subfield code="b">NISAW</subfield>
         <subfield code="c">Small Collection</subfield>
         <subfield code="d">DS307 .N373 2008</subfield>
         <subfield code="e">available</subfield>
         <subfield code="t">Available</subfield>
         <subfield code="f">1</subfield>
         <subfield code="g">0</subfield>
         <subfield code="h">N</subfield>
         <subfield code="i">0</subfield>
         <subfield code="j">SMALL</subfield>
         <subfield code="k">0</subfield>
      </datafield>
      <marc:datafield tag="852" ind1=" " ind2=" ">
         <marc:subfield code="b">Institute for the Study of the Ancient World, </marc:subfield>
         <marc:subfield code="c">Small Collection</marc:subfield>
         <marc:subfield code="e">15 East 84th St., </marc:subfield>
         <marc:subfield code="e">New York, NY  10028</marc:subfield>
      </marc:datafield>
   </record>