
  
  
  
  
 
  
  <record xsi:schemaLocation="http://www.loc.gov/MARC21/slim http://www.loc.gov/standards/marcxml/schema/MARC21slim.xsd">
      <leader>00000cam  2200565 a 4500</leader>
      <controlfield tag="FMT">BK</controlfield>
      <controlfield tag="LDR">00000cam  2200565 a 4500</controlfield>
      <controlfield tag="001">004087279</controlfield>
      <controlfield tag="003">OCoLC</controlfield>
      <controlfield tag="005">20150106130353.0</controlfield>
      <controlfield tag="008">150106s2005    gw c     b    010 0 eng c</controlfield>
      <datafield tag="016" ind1="7" ind2=" ">
         <subfield code="a">975160494</subfield>
         <subfield code="2">DE-101</subfield>
      </datafield>
      <datafield tag="020" ind1=" " ind2=" ">
         <subfield code="a">3447051868 (hd.bd.)</subfield>
      </datafield>
      <datafield tag="020" ind1=" " ind2=" ">
         <subfield code="a">9783447051866 (hd.bd.)</subfield>
      </datafield>
      <datafield tag="035" ind1=" " ind2=" ">
         <subfield code="a">(OCoLC)60561794</subfield>
      </datafield>
      <datafield tag="040" ind1=" " ind2=" ">
         <subfield code="a">OHX</subfield>
         <subfield code="b">eng</subfield>
         <subfield code="c">OHX</subfield>
         <subfield code="d">AZS</subfield>
         <subfield code="d">HEBIS</subfield>
         <subfield code="d">CUD</subfield>
         <subfield code="d">OCLCF</subfield>
         <subfield code="d">OCLCO</subfield>
         <subfield code="d">NNU</subfield>
      </datafield>
      <datafield tag="041" ind1="0" ind2=" ">
         <subfield code="a">eng</subfield>
         <subfield code="a">ger</subfield>
      </datafield>
      <datafield tag="042" ind1=" " ind2=" ">
         <subfield code="a">pcc</subfield>
      </datafield>
      <datafield tag="043" ind1=" " ind2=" ">
         <subfield code="a">ac-----</subfield>
      </datafield>
      <datafield tag="050" ind1=" " ind2="4">
         <subfield code="a">DS328.2</subfield>
         <subfield code="b">.B53 2005</subfield>
      </datafield>
      <datafield tag="072" ind1=" " ind2="7">
         <subfield code="a">DS</subfield>
         <subfield code="2">lcco</subfield>
      </datafield>
      <datafield tag="072" ind1=" " ind2="7">
         <subfield code="a">PL</subfield>
         <subfield code="2">lcco</subfield>
      </datafield>
      <datafield tag="082" ind1="0" ind2="0">
         <subfield code="a">494/.23</subfield>
         <subfield code="2">22</subfield>
      </datafield>
      <datafield tag="245" ind1="0" ind2="4">
         <subfield code="a">The black master :</subfield>
         <subfield code="b">essays on Central Eurasia in honor of György Kara on his 70th birthday /</subfield>
         <subfield code="c">edited by Stéphane Grivelet ... [et al.].</subfield>
      </datafield>
      <datafield tag="260" ind1=" " ind2=" ">
         <subfield code="a">Wiesbaden :</subfield>
         <subfield code="b">Harrassowitz,</subfield>
         <subfield code="c">2005.</subfield>
      </datafield>
      <datafield tag="300" ind1=" " ind2=" ">
         <subfield code="a">xxv, 164 p. :</subfield>
         <subfield code="b">port. ;</subfield>
         <subfield code="c">25 cm.</subfield>
      </datafield>
      <datafield tag="504" ind1=" " ind2=" ">
         <subfield code="a">Includes bibliographical references.</subfield>
      </datafield>
      <datafield tag="505" ind1="0" ind2="0">
         <subfield code="t">List of György Kara's publications /</subfield>
         <subfield code="r">Birtalan, Ágnes --</subfield>
         <subfield code="t">Poems of fraternity : literary responses to the attempted reunification of Inner Mongolia and the Mongolian People's Republic /</subfield>
         <subfield code="r">Atwood, Christopher P. --</subfield>
         <subfield code="t">"Nakshatra astrology" in Antoine Mostaert's Manual of Mongolian astrology and divination /</subfield>
         <subfield code="r">Baumann, Brian --</subfield>
         <subfield code="t">Invocation to Dayan Dērx collected from a Darkhad shaman's descendant /</subfield>
         <subfield code="r">Birtalan, Ágnes --</subfield>
         <subfield code="t">Tölis and the Tarduš in Old Turkic inscriptions /</subfield>
         <subfield code="r">Dobrovits, Mihály --</subfield>
         <subfield code="t">Sagang Sechen on the Qinq conquest /</subfield>
         <subfield code="r">Elverskog, Johan --</subfield>
         <subfield code="t">On the development of the sibilant system of Qinghai Bonan /</subfield>
         <subfield code="r">Janhunen, Juha --</subfield>
         <subfield code="t">Few remarks on some Mongolian texts in Stockholm /</subfield>
         <subfield code="r">Kiripolská, Marta --</subfield>
         <subfield code="t">Snowcocks of Central Asia and Mongolia /</subfield>
         <subfield code="r">Meserve, Ruth I. --</subfield>
         <subfield code="t">Tonyuquq's humiliation and an Old Turkic etymology /</subfield>
         <subfield code="r">Prior, Daniel --</subfield>
         <subfield code="t">Turko-Mongolian etymologies: Turkic yarp /</subfield>
         <subfield code="r">Róna-Tas, András --</subfield>
         <subfield code="t">Personal names and titles of the Naiman in the secret history of the Mongols /</subfield>
         <subfield code="r">Rybatzki, Volker --On the word &lt;bwrsw&gt; in West Middle Mongolian /</subfield>
         <subfield code="r">Saitô, Yoshio --</subfield>
         <subfield code="t">Proper names in the first chapter of the Mongolian Suvarṇaprabhāsottama-sūtra /</subfield>
         <subfield code="r">Sárközi, Alice --</subfield>
         <subfield code="t">Mongolian xylographs in St. Petersburg's collections /</subfield>
         <subfield code="r">Sazykin, Alexei G. --</subfield>
         <subfield code="t">Thangka from late 19th century Inner Mongolia in the collections of the Ferenc Hopp Museum of Eastern Asiatic Arts in Budapest /</subfield>
         <subfield code="r">Vinkovics, Judit --</subfield>
         <subfield code="t">Uigurische Fragmente aus der Pañcarakṣā /</subfield>
         <subfield code="r">Zieme, Peter.</subfield>
      </datafield>
      <datafield tag="546" ind1=" " ind2=" ">
         <subfield code="a">Includes one contribution in German.</subfield>
      </datafield>
      <datafield tag="651" ind1=" " ind2="0">
         <subfield code="a">Eurasia</subfield>
         <subfield code="x">Civilization.</subfield>
      </datafield>
      <datafield tag="651" ind1=" " ind2="0">
         <subfield code="a">Eurasia</subfield>
         <subfield code="x">Antiquities.</subfield>
      </datafield>
      <datafield tag="651" ind1=" " ind2="0">
         <subfield code="a">Mongolia</subfield>
         <subfield code="x">Civilization.</subfield>
      </datafield>
      <datafield tag="651" ind1=" " ind2="0">
         <subfield code="a">Asia, Central</subfield>
         <subfield code="x">Languages.</subfield>
      </datafield>
      <datafield tag="600" ind1="1" ind2="7">
         <subfield code="a">Kara, György.</subfield>
         <subfield code="2">swd</subfield>
      </datafield>
      <datafield tag="650" ind1="0" ind2="7">
         <subfield code="a">Literatur.</subfield>
         <subfield code="2">swd</subfield>
      </datafield>
      <datafield tag="651" ind1=" " ind2="7">
         <subfield code="a">Alttürkisch.</subfield>
         <subfield code="2">swd</subfield>
      </datafield>
      <datafield tag="651" ind1=" " ind2="7">
         <subfield code="a">Mongolische Sprachen.</subfield>
         <subfield code="2">swd</subfield>
      </datafield>
      <datafield tag="650" ind1=" " ind2="7">
         <subfield code="a">Civilization.</subfield>
         <subfield code="2">fast</subfield>
         <subfield code="0">(OCoLC)fst00862898</subfield>
      </datafield>
      <datafield tag="650" ind1=" " ind2="7">
         <subfield code="a">Language and languages.</subfield>
         <subfield code="2">fast</subfield>
         <subfield code="0">(OCoLC)fst00992154</subfield>
      </datafield>
      <datafield tag="651" ind1=" " ind2="7">
         <subfield code="a">Asia, Central.</subfield>
         <subfield code="2">fast</subfield>
         <subfield code="0">(OCoLC)fst01240497</subfield>
      </datafield>
      <datafield tag="651" ind1=" " ind2="7">
         <subfield code="a">Eurasia.</subfield>
         <subfield code="2">fast</subfield>
         <subfield code="0">(OCoLC)fst01245058</subfield>
      </datafield>
      <datafield tag="651" ind1=" " ind2="7">
         <subfield code="a">Mongolia.</subfield>
         <subfield code="2">fast</subfield>
         <subfield code="0">(OCoLC)fst01208752</subfield>
      </datafield>
      <datafield tag="700" ind1="1" ind2=" ">
         <subfield code="a">Kara, György.</subfield>
      </datafield>
      <datafield tag="700" ind1="1" ind2=" ">
         <subfield code="a">Grivelet, Stépane.</subfield>
      </datafield>
      <datafield tag="776" ind1="0" ind2="8">
         <subfield code="i">Online version:</subfield>
         <subfield code="t">Black master.</subfield>
         <subfield code="d">Wiesbaden : Harrassowitz, 2005</subfield>
         <subfield code="w">(OCoLC)895334875</subfield>
      </datafield>
      <datafield tag="994" ind1=" " ind2=" ">
         <subfield code="a">Z0</subfield>
         <subfield code="b">ZYU</subfield>
      </datafield>
      <datafield tag="OWN" ind1=" " ind2=" ">
         <subfield code="a">GENERAL</subfield>
      </datafield>
      <datafield tag="AVA" ind1=" " ind2=" ">
         <subfield code="a">NYU50</subfield>
         <subfield code="b">NISAW</subfield>
         <subfield code="c">Small Collection</subfield>
         <subfield code="d">DS328.2 .B53 2005</subfield>
         <subfield code="e">available</subfield>
         <subfield code="t">Available</subfield>
         <subfield code="f">1</subfield>
         <subfield code="g">0</subfield>
         <subfield code="h">N</subfield>
         <subfield code="i">0</subfield>
         <subfield code="j">SMALL</subfield>
         <subfield code="k">0</subfield>
      </datafield>
      <marc:datafield tag="852" ind1=" " ind2=" ">
         <marc:subfield code="b">Institute for the Study of the Ancient World, </marc:subfield>
         <marc:subfield code="c">Small Collection</marc:subfield>
         <marc:subfield code="e">15 East 84th St., </marc:subfield>
         <marc:subfield code="e">New York, NY  10028</marc:subfield>
      </marc:datafield>
   </record>