
  
  
  
  
  
  
 
  
  <record xsi:schemaLocation="http://www.loc.gov/MARC21/slim http://www.loc.gov/standards/marcxml/schema/MARC21slim.xsd">
      <leader>00000cam a22      a 4500</leader>
      <controlfield tag="FMT">BK</controlfield>
      <controlfield tag="LDR">00000cam a22      a 4500</controlfield>
      <controlfield tag="001">004087355</controlfield>
      <controlfield tag="005">20150106150340.0</controlfield>
      <controlfield tag="008">150106m19939999ir       b    000 0 per d</controlfield>
      <datafield tag="020" ind1=" " ind2=" ">
         <subfield code="a">9644260422 (set)</subfield>
      </datafield>
      <datafield tag="020" ind1=" " ind2=" ">
         <subfield code="a">9789644260421 (set)</subfield>
      </datafield>
      <datafield tag="020" ind1=" " ind2=" ">
         <subfield code="a">9644261437 (v. 1, daftar 2)</subfield>
      </datafield>
      <datafield tag="020" ind1=" " ind2=" ">
         <subfield code="a">9789644261435 (v. 1, daftar 2)</subfield>
      </datafield>
      <datafield tag="020" ind1=" " ind2=" ">
         <subfield code="a">9644261445 (v. 2, daftar 1)</subfield>
      </datafield>
      <datafield tag="020" ind1=" " ind2=" ">
         <subfield code="a">9789644261442 (v. 2, daftar 1)</subfield>
      </datafield>
      <datafield tag="020" ind1=" " ind2=" ">
         <subfield code="a">9644261453 (v. 2, daftar 2)</subfield>
      </datafield>
      <datafield tag="020" ind1=" " ind2=" ">
         <subfield code="a">9789644261459 (v. 2, daftar 2)</subfield>
      </datafield>
      <datafield tag="035" ind1=" " ind2=" ">
         <subfield code="a">(OCoLC)641710135</subfield>
      </datafield>
      <datafield tag="040" ind1=" " ind2=" ">
         <subfield code="a">YUS</subfield>
         <subfield code="b">eng</subfield>
         <subfield code="c">YUS</subfield>
         <subfield code="d">OCLCF</subfield>
         <subfield code="d">OCLCQ</subfield>
      </datafield>
      <datafield tag="043" ind1=" " ind2=" ">
         <subfield code="a">a-ir---</subfield>
      </datafield>
      <datafield tag="050" ind1=" " ind2="4">
         <subfield code="a">DS288</subfield>
         <subfield code="b">.A237 1993</subfield>
      </datafield>
      <datafield tag="100" ind1="0" ind2=" ">
         <subfield code="6">880-01</subfield>
         <subfield code="a">ʻAbd al-Razzāq Kamāl al-Dīn ibn Isḥāq al-Samarqandī,</subfield>
         <subfield code="d">1413-1482.</subfield>
      </datafield>
      <datafield tag="245" ind1="1" ind2="0">
         <subfield code="6">880-02</subfield>
         <subfield code="a">Maṭlaʻ-i saʻdayn va majmaʻ-i Baḥrayn /</subfield>
         <subfield code="c">Kamāl al-Dīn ʻAbd al-Razzāq Samarqandī ; bih ihtimām-i ʻAbd al-Ḥusayn Navāyī.</subfield>
      </datafield>
      <datafield tag="246" ind1="1" ind2=" ">
         <subfield code="i">Title on p. [4] of cover:</subfield>
         <subfield code="a">Matlaʻ-i Saʻdayn wa majmaʻ-i bahrayn</subfield>
      </datafield>
      <datafield tag="250" ind1=" " ind2=" ">
         <subfield code="6">880-03</subfield>
         <subfield code="a">Chāp-i 2.</subfield>
      </datafield>
      <datafield tag="260" ind1=" " ind2=" ">
         <subfield code="6">880-04</subfield>
         <subfield code="a">Tihrān :</subfield>
         <subfield code="b">Muʼassasah-ʼi Muṭālaʻāt va Taḥqīqāt-i Farhangī,</subfield>
         <subfield code="c">1372 [1993 or 1994]-</subfield>
      </datafield>
      <datafield tag="300" ind1=" " ind2=" ">
         <subfield code="a">volumes ;</subfield>
         <subfield code="c">24 cm</subfield>
      </datafield>
      <datafield tag="336" ind1=" " ind2=" ">
         <subfield code="a">text</subfield>
         <subfield code="b">txt</subfield>
         <subfield code="2">rdacontent</subfield>
      </datafield>
      <datafield tag="337" ind1=" " ind2=" ">
         <subfield code="a">unmediated</subfield>
         <subfield code="b">n</subfield>
         <subfield code="2">rdamedia</subfield>
      </datafield>
      <datafield tag="338" ind1=" " ind2=" ">
         <subfield code="a">volume</subfield>
         <subfield code="b">nc</subfield>
         <subfield code="2">rdacarrier</subfield>
      </datafield>
      <datafield tag="504" ind1=" " ind2=" ">
         <subfield code="a">Includes bibliographical references.</subfield>
      </datafield>
      <datafield tag="500" ind1=" " ind2=" ">
         <subfield code="a">Edition varies; jild-i 1., daftar-i 2. - jild-2., daftar-i 2.: Chāp-i 1. Tihrān : Pizhūhishgāh-i ʻUlūm-i Insānī va Muṭālaʻāt-i Farhangī.</subfield>
      </datafield>
      <datafield tag="651" ind1=" " ind2="0">
         <subfield code="a">Iran</subfield>
         <subfield code="x">History</subfield>
         <subfield code="y">640-1500</subfield>
         <subfield code="v">Early works to 1800.</subfield>
      </datafield>
      <datafield tag="651" ind1=" " ind2="0">
         <subfield code="a">Iran</subfield>
         <subfield code="x">History</subfield>
         <subfield code="y">1256-1500</subfield>
         <subfield code="v">Early works to 1800.</subfield>
      </datafield>
      <datafield tag="650" ind1=" " ind2="0">
         <subfield code="a">Timurids</subfield>
         <subfield code="x">History</subfield>
         <subfield code="v">Early works to 1800.</subfield>
      </datafield>
      <datafield tag="650" ind1=" " ind2="7">
         <subfield code="a">Timurids.</subfield>
         <subfield code="2">fast</subfield>
         <subfield code="0">(OCoLC)fst01151270</subfield>
      </datafield>
      <datafield tag="651" ind1=" " ind2="7">
         <subfield code="a">Iran.</subfield>
         <subfield code="2">fast</subfield>
         <subfield code="0">(OCoLC)fst01204889</subfield>
      </datafield>
      <datafield tag="648" ind1=" " ind2="7">
         <subfield code="a">640 - 1500</subfield>
         <subfield code="2">fast</subfield>
      </datafield>
      <datafield tag="655" ind1=" " ind2="7">
         <subfield code="a">Early works.</subfield>
         <subfield code="2">fast</subfield>
         <subfield code="0">(OCoLC)fst01411636</subfield>
      </datafield>
      <datafield tag="655" ind1=" " ind2="7">
         <subfield code="a">History.</subfield>
         <subfield code="2">fast</subfield>
         <subfield code="0">(OCoLC)fst01411628</subfield>
      </datafield>
      <datafield tag="700" ind1="1" ind2=" ">
         <subfield code="6">880-05</subfield>
         <subfield code="a">Navāʼī, ʻAbd al-Ḥusayn.</subfield>
      </datafield>
      <datafield tag="710" ind1="2" ind2=" ">
         <subfield code="6">880-06</subfield>
         <subfield code="a">Muʼassasah-ʼi Muṭālaʻāt va Taḥqīqāt-i Farhangī.</subfield>
      </datafield>
      <datafield tag="710" ind1="2" ind2=" ">
         <subfield code="6">880-07</subfield>
         <subfield code="a">Pizhūhishgāh-i ʻUlūm-i Insānī va Muṭālaʻāt-i Farhangī (Tehran, Iran)</subfield>
      </datafield>
      <datafield tag="880" ind1="0" ind2=" ">
         <subfield code="6">100-01/</subfield>
         <subfield code="a">عبد الرزاق کمال الدىن بن اسحاق السمرقندى،,</subfield>
         <subfield code="d">1413-1482.</subfield>
      </datafield>
      <datafield tag="880" ind1="1" ind2="0">
         <subfield code="6">245-02/</subfield>
         <subfield code="a">مطلع سعدين و مجمع بحرين /</subfield>
         <subfield code="c">كمال الدين عبد الرزاق سمرقندي ؛ به اهتمام عبد الحسين نوايى.</subfield>
      </datafield>
      <datafield tag="880" ind1=" " ind2=" ">
         <subfield code="6">250-03/</subfield>
         <subfield code="a">چاپ 2.</subfield>
      </datafield>
      <datafield tag="880" ind1=" " ind2=" ">
         <subfield code="6">260-04/</subfield>
         <subfield code="a">تهران :</subfield>
         <subfield code="b">مؤسسۀ مطالعات و تحقيقات فرهنگي،</subfield>
         <subfield code="c">1372 [1993 or 1994]</subfield>
      </datafield>
      <datafield tag="880" ind1="1" ind2=" ">
         <subfield code="6">700-05/</subfield>
         <subfield code="a">نوائى، عبد الحسين.</subfield>
      </datafield>
      <datafield tag="880" ind1="2" ind2=" ">
         <subfield code="6">710-06/</subfield>
         <subfield code="a">مؤسسۀ مطالعات و تحقىقات فرهنگى.</subfield>
      </datafield>
      <datafield tag="880" ind1="2" ind2=" ">
         <subfield code="6">710-07/</subfield>
         <subfield code="a">پژوهشگاه علوم انسانى و مطالعات فرهنگى (تهران، ايران)</subfield>
      </datafield>
      <datafield tag="OWN" ind1=" " ind2=" ">
         <subfield code="a">GENERAL</subfield>
      </datafield>
      <datafield tag="AVA" ind1=" " ind2=" ">
         <subfield code="a">NYU50</subfield>
         <subfield code="b">NISAW</subfield>
         <subfield code="c">Small Collection</subfield>
         <subfield code="d">DS288 .A237 1993</subfield>
         <subfield code="e">available</subfield>
         <subfield code="t">Available</subfield>
         <subfield code="f">4</subfield>
         <subfield code="g">0</subfield>
         <subfield code="h">Y</subfield>
         <subfield code="i">0</subfield>
         <subfield code="j">SMALL</subfield>
         <subfield code="k">0</subfield>
      </datafield>
      <marc:datafield tag="852" ind1=" " ind2=" ">
         <marc:subfield code="b">Institute for the Study of the Ancient World, </marc:subfield>
         <marc:subfield code="c">Small Collection</marc:subfield>
         <marc:subfield code="e">15 East 84th St., </marc:subfield>
         <marc:subfield code="e">New York, NY  10028</marc:subfield>
      </marc:datafield>
   </record>