
  
  
  
  
  
 
  
  <record xsi:schemaLocation="http://www.loc.gov/MARC21/slim http://www.loc.gov/standards/marcxml/schema/MARC21slim.xsd">
      <leader>     cam  2200481 a 4500</leader>
      <controlfield tag="FMT">BK</controlfield>
      <controlfield tag="LDR">     cam  2200481 a 4500</controlfield>
      <controlfield tag="001">000378782</controlfield>
      <controlfield tag="003">NNU</controlfield>
      <controlfield tag="005">20061010171946.0</controlfield>
      <controlfield tag="008">060824s2004    ir ab    b    001 0 per c</controlfield>
      <datafield tag="020" ind1=" " ind2=" ">
         <subfield code="a">9643312143</subfield>
      </datafield>
      <datafield tag="035" ind1=" " ind2=" ">
         <subfield code="a">(NNU)NYUb13361445</subfield>
      </datafield>
      <datafield tag="035" ind1=" " ind2=" ">
         <subfield code="a">(NNC)NYCG5465642</subfield>
      </datafield>
      <datafield tag="035" ind1=" " ind2=" ">
         <subfield code="a">(CStRLIN)NYUG06-B2145</subfield>
      </datafield>
      <datafield tag="035" ind1="9" ind2=" ">
         <subfield code="a">NYUb13361445</subfield>
      </datafield>
      <datafield tag="040" ind1=" " ind2=" ">
         <subfield code="a">IUL</subfield>
         <subfield code="c">IUL</subfield>
      </datafield>
      <datafield tag="042" ind1=" " ind2=" ">
         <subfield code="a">pcc</subfield>
      </datafield>
      <datafield tag="043" ind1=" " ind2=" ">
         <subfield code="a">a-ir---</subfield>
      </datafield>
      <datafield tag="050" ind1=" " ind2="4">
         <subfield code="a">DS255</subfield>
         <subfield code="b">.F376 2004</subfield>
      </datafield>
      <datafield tag="050" ind1=" " ind2="4">
         <subfield code="a">DS255</subfield>
         <subfield code="b">.F376 2004</subfield>
      </datafield>
      <datafield tag="066" ind1=" " ind2=" ">
         <subfield code="c">(3</subfield>
         <subfield code="c">(4</subfield>
      </datafield>
      <datafield tag="090" ind1=" " ind2=" ">
         <subfield code="a">DS255</subfield>
         <subfield code="b">.F376 2004</subfield>
      </datafield>
      <datafield tag="100" ind1="1" ind2=" ">
         <subfield code="a">Farmānfarmā, ʻAbd al-Ḥusayn Mīrzā,</subfield>
         <subfield code="d">1857-1939</subfield>
         <subfield code="6">880-01</subfield>
      </datafield>
      <datafield tag="245" ind1="1" ind2="0">
         <subfield code="6">880-02</subfield>
         <subfield code="a">Musāfiratʹnāmah-ʼi Kirmān va Balūchistān :</subfield>
         <subfield code="b">(bulūk gardishī bih muddat-i sih māh) 21 Jamādī al-S̲ānīyah tā 25 Ramaz̤ān 1311 Qamarī : nuskhah-ʼi khaṭṭī-i Mixt 853 dar Kitābkhānah-ʼi Millī-i Ustirīsh /</subfield>
         <subfield code="c">yādgār va nivishtah-ʼi ʻAbd al-Ḥusayn Mīrzā Farmānfarmā ; bih kūshish-i Īraj Afshār.</subfield>
      </datafield>
      <datafield tag="246" ind1="1" ind2="5">
         <subfield code="a">Governmental journey to Kirmān and Balūchistān</subfield>
      </datafield>
      <datafield tag="250" ind1=" " ind2=" ">
         <subfield code="6">880-03</subfield>
         <subfield code="a">Chāp-i 1.</subfield>
      </datafield>
      <datafield tag="260" ind1=" " ind2=" ">
         <subfield code="6">880-04</subfield>
         <subfield code="a">Tihrān :</subfield>
         <subfield code="b">Intishārāt-i Asāṭīr,</subfield>
         <subfield code="c">1382 [2004]</subfield>
      </datafield>
      <datafield tag="300" ind1=" " ind2=" ">
         <subfield code="a">527 p., 2 folding maps :</subfield>
         <subfield code="b">ill., maps ;</subfield>
         <subfield code="c">25 cm.</subfield>
      </datafield>
      <datafield tag="490" ind1="1" ind2=" ">
         <subfield code="6">880-05</subfield>
         <subfield code="a">Ganjīnah-ʼi khāṭirāt va safarnāmahʹhā-yi Īrānī ;</subfield>
         <subfield code="v">20</subfield>
      </datafield>
      <datafield tag="500" ind1=" " ind2=" ">
         <subfield code="a">"379"-- t.p.</subfield>
      </datafield>
      <datafield tag="504" ind1=" " ind2=" ">
         <subfield code="a">Includes bibliographical references and indexes.</subfield>
      </datafield>
      <datafield tag="546" ind1=" " ind2=" ">
         <subfield code="a">In Persian.</subfield>
      </datafield>
      <datafield tag="600" ind1="1" ind2="0">
         <subfield code="a">Farmānfarmā, ʻAbd al-Ḥusayn Mīrzā,</subfield>
         <subfield code="d">1857-1939</subfield>
         <subfield code="x">Travel</subfield>
         <subfield code="z">Iran</subfield>
         <subfield code="z">Kirman (Province).</subfield>
      </datafield>
      <datafield tag="600" ind1="1" ind2="0">
         <subfield code="a">Farmānfarmā, ʻAbd al-Ḥusayn Mīrzā,</subfield>
         <subfield code="d">1857-1939</subfield>
         <subfield code="x">Travel</subfield>
         <subfield code="z">Iran</subfield>
         <subfield code="z">Sīstān va Balūchestān.</subfield>
      </datafield>
      <datafield tag="650" ind1=" " ind2="0">
         <subfield code="a">Travelers' writings, Persian.</subfield>
      </datafield>
      <datafield tag="651" ind1=" " ind2="0">
         <subfield code="a">Kirmān (Iran : Province)</subfield>
         <subfield code="x">Description and travel.</subfield>
      </datafield>
      <datafield tag="651" ind1=" " ind2="0">
         <subfield code="a">Sīstān va Balūchistān (Iran)</subfield>
         <subfield code="x">Description and travel.</subfield>
      </datafield>
      <datafield tag="700" ind1="1" ind2=" ">
         <subfield code="6">880-06</subfield>
         <subfield code="a">Afshār Sīstānī, Īraj.</subfield>
      </datafield>
      <datafield tag="880" ind1="1" ind2=" ">
         <subfield code="6">100-01/</subfield>
         <subfield code="a">فرمانفرما، عبد الحسين ميرزا،</subfield>
         <subfield code="d">1857-1939.</subfield>
      </datafield>
      <datafield tag="880" ind1="1" ind2="0">
         <subfield code="6">245-02/</subfield>
         <subfield code="a">مسافرت ناملۀ كرمان و بلوچستان :</subfield>
         <subfield code="b">بلوك گردشي به مدت سه ماه 21 جمادي الثانيه تا 25 رمضان 1311 قمرى : نسخۀ خطى Mixt 853 در كتابخانۀ ملى استريش /</subfield>
         <subfield code="c">ياد گار و نوشتۀ عبد الحسين ميرزا فرمانفرما ؛ به كوشش ايرج افشار.</subfield>
      </datafield>
      <datafield tag="880" ind1=" " ind2=" ">
         <subfield code="6">250-03/</subfield>
         <subfield code="a">چاپ 1.</subfield>
      </datafield>
      <datafield tag="880" ind1=" " ind2=" ">
         <subfield code="6">260-04/</subfield>
         <subfield code="a">تهران :</subfield>
         <subfield code="b">انتشارات اساطير،</subfield>
         <subfield code="c">1382 [2004]</subfield>
      </datafield>
      <datafield tag="880" ind1="1" ind2=" ">
         <subfield code="6">490-05/</subfield>
         <subfield code="a">گنجينۀ خاطرات و سفرنامههاى ايرانى ؛</subfield>
         <subfield code="v">20</subfield>
      </datafield>
      <datafield tag="880" ind1="1" ind2=" ">
         <subfield code="6">700-06/</subfield>
         <subfield code="a">افشار سيستانى، ايرج.</subfield>
      </datafield>
      <datafield tag="830" ind1=" " ind2="0">
         <subfield code="a">Ganjīnah-ʼi khāṭirāt va safarnāmahʹhā-yi Īrānī</subfield>
         <subfield code="6">880-05</subfield>
         <subfield code="v">20</subfield>
      </datafield>
      <datafield tag="880" ind1=" " ind2="0">
         <subfield code="6">830-05/</subfield>
         <subfield code="a">گنجينۀ خاطرات و سفرنامههاى ايرانى ؛</subfield>
         <subfield code="v">20</subfield>
      </datafield>
      <datafield tag="OWN" ind1=" " ind2=" ">
         <subfield code="a">GENERAL</subfield>
      </datafield>
      <datafield tag="998" ind1=" " ind2=" ">
         <subfield code="e">uhol</subfield>
         <subfield code="n">NNU</subfield>
         <subfield code="s">1</subfield>
         <subfield code="t">c</subfield>
         <subfield code="z">p</subfield>
      </datafield>
      <datafield tag="AVA" ind1=" " ind2=" ">
         <subfield code="a">NYU50</subfield>
         <subfield code="b">BOBST</subfield>
         <subfield code="c">Main Collection</subfield>
         <subfield code="d">DS255 .F376 2004</subfield>
         <subfield code="e">unavailable</subfield>
         <subfield code="t">Unavailable</subfield>
         <subfield code="f">1</subfield>
         <subfield code="g">1</subfield>
         <subfield code="h">N</subfield>
         <subfield code="i">0</subfield>
         <subfield code="j">MAIN</subfield>
         <subfield code="k">0</subfield>
      </datafield>
      <datafield tag="AVA" ind1=" " ind2=" ">
         <subfield code="a">NYU50</subfield>
         <subfield code="b">NISAW</subfield>
         <subfield code="c">Small Collection</subfield>
         <subfield code="d">DS255 .F376 2004</subfield>
         <subfield code="e">available</subfield>
         <subfield code="t">Available</subfield>
         <subfield code="f">1</subfield>
         <subfield code="g">0</subfield>
         <subfield code="h">N</subfield>
         <subfield code="i">0</subfield>
         <subfield code="j">SMALL</subfield>
         <subfield code="k">0</subfield>
      </datafield>
      <marc:datafield tag="852" ind1=" " ind2=" ">
         <marc:subfield code="b">Institute for the Study of the Ancient World, </marc:subfield>
         <marc:subfield code="c">Small Collection</marc:subfield>
         <marc:subfield code="e">15 East 84th St., </marc:subfield>
         <marc:subfield code="e">New York, NY  10028</marc:subfield>
      </marc:datafield>
   </record>