
  
  
  
  
  
 
  
  <record xsi:schemaLocation="http://www.loc.gov/MARC21/slim http://www.loc.gov/standards/marcxml/schema/MARC21slim.xsd">
      <leader>00000cam  2200493 a 4500</leader>
      <controlfield tag="FMT">BK</controlfield>
      <controlfield tag="LDR">00000cam  2200493 a 4500</controlfield>
      <controlfield tag="001">004090301</controlfield>
      <controlfield tag="003">OCoLC</controlfield>
      <controlfield tag="005">20150108155151.0</controlfield>
      <controlfield tag="008">150108s2010    au af    b    101 0dger d</controlfield>
      <datafield tag="016" ind1="7" ind2=" ">
         <subfield code="a">015752393</subfield>
         <subfield code="2">Uk</subfield>
      </datafield>
      <datafield tag="020" ind1=" " ind2=" ">
         <subfield code="a">9783700169581</subfield>
      </datafield>
      <datafield tag="020" ind1=" " ind2=" ">
         <subfield code="a">3700169582</subfield>
      </datafield>
      <datafield tag="035" ind1=" " ind2=" ">
         <subfield code="a">(OCoLC)701735192</subfield>
      </datafield>
      <datafield tag="040" ind1=" " ind2=" ">
         <subfield code="a">BOL</subfield>
         <subfield code="b">eng</subfield>
         <subfield code="c">BOL</subfield>
         <subfield code="d">OHX</subfield>
         <subfield code="d">IXA</subfield>
         <subfield code="d">UKMGB</subfield>
         <subfield code="d">ZCU</subfield>
         <subfield code="d">OCLCF</subfield>
         <subfield code="d">OCLCO</subfield>
         <subfield code="d">NNU</subfield>
      </datafield>
      <datafield tag="041" ind1="0" ind2=" ">
         <subfield code="a">ger</subfield>
         <subfield code="a">eng</subfield>
         <subfield code="a">fre</subfield>
         <subfield code="a">ita</subfield>
      </datafield>
      <datafield tag="043" ind1=" " ind2=" ">
         <subfield code="a">e-gr---</subfield>
      </datafield>
      <datafield tag="050" ind1=" " ind2="4">
         <subfield code="a">KL4106.5</subfield>
         <subfield code="b">.G47 2009</subfield>
      </datafield>
      <datafield tag="090" ind1=" " ind2=" ">
         <subfield code="a">KL4106.5</subfield>
         <subfield code="b">.G47 v.21</subfield>
      </datafield>
      <datafield tag="110" ind1="2" ind2=" ">
         <subfield code="a">Gesellschaft für Griechische und Hellenistische Rechtsgeschichte.</subfield>
         <subfield code="b">Symposion</subfield>
         <subfield code="d">(2009 :</subfield>
         <subfield code="c">Seggau, Austria)</subfield>
      </datafield>
      <datafield tag="245" ind1="1" ind2="0">
         <subfield code="a">Symposion 2009 :</subfield>
         <subfield code="b">Vorträge zur griechischen und hellenistischen Rechtsgeschichte (Seggau, 25.-30. August 2009) /</subfield>
         <subfield code="c">herausgegeben von Gerhard Thür.</subfield>
      </datafield>
      <datafield tag="260" ind1=" " ind2=" ">
         <subfield code="a">Wien :</subfield>
         <subfield code="b">Verlag der Österreichischen Akademie der Wissenschaften,</subfield>
         <subfield code="c">2010.</subfield>
      </datafield>
      <datafield tag="300" ind1=" " ind2=" ">
         <subfield code="a">xii, 480, [2] p. of plates :</subfield>
         <subfield code="b">col. ill. ;</subfield>
         <subfield code="c">23 cm.</subfield>
      </datafield>
      <datafield tag="490" ind1="1" ind2=" ">
         <subfield code="a">Akten der Gesellschaft für Griechische und Hellenistische Rechtsgeschichte ;</subfield>
         <subfield code="v">Bd. 21</subfield>
      </datafield>
      <datafield tag="500" ind1=" " ind2=" ">
         <subfield code="a">At head of title: Österreichische Akademie der Wissenschaften, philosophisch-historische Klasse, Kommission für antike Rechtsgeschichte.</subfield>
      </datafield>
      <datafield tag="505" ind1="0" ind2="0">
         <subfield code="t">Fathers and sons in Athenian law and society /</subfield>
         <subfield code="r">Cantarella, Eva --</subfield>
         <subfield code="t">Pères et fils dans l’Égypte héllenistique : réponse à Eva Cantarella /</subfield>
         <subfield code="r">Modrzejewski, Joseph Mélèze --</subfield>
         <subfield code="t">Conservative trends in Athenian law : IE 138, a law concerning the mysteries /</subfield>
         <subfield code="r">Scafuro, Adele C. --</subfield>
         <subfield code="t">Intervento sulla relazione di Adele Scafuro /</subfield>
         <subfield code="r">Maffi, Alberto --</subfield>
         <subfield code="t">Pratiques financières dans un dème attique à la période classique : L’inscription de Plôtheia IG I³, 258 /</subfield>
         <subfield code="r">Migeotte, Léopold --</subfield>
         <subfield code="t">Response to Léopold Migeotte /</subfield>
         <subfield code="r">Whitehead, David --</subfield>
         <subfield code="t">Athenian procedure(s) of dokimasia /</subfield>
         <subfield code="r">Todd, Stephen C. --</subfield>
         <subfield code="t">Athenian dokimasiai : a response to Stephen Todd /</subfield>
         <subfield code="r">Gagliardi, Lorenzo --</subfield>
         <subfield code="t">Socrates and eemocratic law : Plato’s Crito and Apology /</subfield>
         <subfield code="r">Wallace, Robert W. --</subfield>
         <subfield code="t">Space for epieikeia in Greek law /</subfield>
         <subfield code="r">Kasai, Yasunori --</subfield>
         <subfield code="t">Legal procedure in Gortyn /</subfield>
         <subfield code="r">Gagarin, Michael --</subfield>
         <subfield code="t">Legal procedure in the Gortyn code : response to Michael Gagarin /</subfield>
         <subfield code="r">Thür, Gerhard --</subfield>
         <subfield code="t">Polis and legislative procedure in early Crete /</subfield>
         <subfield code="r">Youni, Maria S. --</subfield>
         <subfield code="t">Prozessrechtliches aus dem hellenistischen Kreta /</subfield>
         <subfield code="r">Chaniotis, Angelos --</subfield>
         <subfield code="t">Legal procedure in Hellenistic Crete : response to Angelos Chaniotis /</subfield>
         <subfield code="r">Faraguna, Michele --</subfield>
         <subfield code="t">Praxis : the enforcement of penalties in the late Classical and early Hellenistic periods /</subfield>
         <subfield code="r">Rubinstein, Lene --</subfield>
         <subfield code="t">Antwort auf Lene Rubinstein /</subfield>
         <subfield code="r">Mitthof, Fritz --</subfield>
         <subfield code="t">Hapoxenonsthai : Hatimia in Roman times? /</subfield>
         <subfield code="r">Dimopoulou-Piliouni, Athina --</subfield>
         <subfield code="t">Response to Athina Dimopoulou-Piliouni /</subfield>
         <subfield code="r">Leão, Delfim F. --</subfield>
         <subfield code="t">Erwerb und Veräusserung von Grabstätten im griechisch-römischen Kleinasien am Beispiel der Grabinschriften aus Smyrna /</subfield>
         <subfield code="r">Harter-Uibopuu, Kaja --</subfield>
         <subfield code="t">Comments on Kaja Harter-Uibopuu /</subfield>
         <subfield code="r">Nigdelis, Pantelis --</subfield>
         <subfield code="t">Nochmals zur Bibliotheke Enkteseon /</subfield>
         <subfield code="r">Jördens, Andrea --</subfield>
         <subfield code="t">Comments on Andrea Jördens /</subfield>
         <subfield code="r">Yiftach-Firanko, Uri --</subfield>
         <subfield code="t">Gerichtsverfahren vor den Göttern? : "judicial prayers" und die Kategorisierung /</subfield>
         <subfield code="r">Dreher, Martin --</subfield>
      </datafield>
      <datafield tag="505" ind1="8" ind2="0">
         <subfield code="t">Réponse à Martin Dreher /</subfield>
         <subfield code="r">Vélissaropoulos-Karakostas, Julie --</subfield>
         <subfield code="t">"… apotisato ten paratheken diplen kata ton ton parathekon nomon" : Zum sogenannten "nomos ton parathekon" und seinen Wurzeln im griechischen Recht /</subfield>
         <subfield code="r">Scheibelreiter, Philipp --</subfield>
         <subfield code="t">Antwort auf Philipp Scheibelreiter /</subfield>
         <subfield code="r">Pfeifer, Guido --</subfield>
         <subfield code="t">Systasis : eine besondere Gestaltung in der Praxis der Papyri /</subfield>
         <subfield code="r">Rupprecht, Hans-Albert --</subfield>
         <subfield code="t">Antwort auf H.-A. Rupprecht /</subfield>
         <subfield code="r">Kruse, Thomas --</subfield>
         <subfield code="t">Rule of law and military organisation in the Greek polis /</subfield>
         <subfield code="r">Harris, Edward M. --</subfield>
         <subfield code="t">Eponyme Magistrate und hellenistischer Herrscherkult /</subfield>
         <subfield code="r">Buraselis, Kostas --</subfield>
         <subfield code="t">Réponse à Kostas Buraselis : Le culte royal ptolémaïque : Trois remarques /</subfield>
         <subfield code="r">Legras, Bernard --</subfield>
         <subfield code="t">Fritz Gschnitzer /</subfield>
         <subfield code="r">Jördens, Andrea --</subfield>
         <subfield code="t">Mario Talamanca /</subfield>
         <subfield code="r">Maffi, Alberto --</subfield>
         <subfield code="t">Raymond Westbrook /</subfield>
         <subfield code="r">Thür, Gerhard --</subfield>
         <subfield code="t">D.M. MacDowell /</subfield>
         <subfield code="r">Todd, Stephen C.</subfield>
      </datafield>
      <datafield tag="546" ind1=" " ind2=" ">
         <subfield code="a">Contributions in English, French, German, Italian.</subfield>
      </datafield>
      <datafield tag="650" ind1=" " ind2="0">
         <subfield code="a">Law, Greek</subfield>
         <subfield code="v">Congresses.</subfield>
      </datafield>
      <datafield tag="650" ind1=" " ind2="0">
         <subfield code="a">Roman law</subfield>
         <subfield code="v">Congresses.</subfield>
      </datafield>
      <datafield tag="650" ind1=" " ind2="7">
         <subfield code="a">Law, Greek.</subfield>
         <subfield code="2">fast</subfield>
         <subfield code="0">(OCoLC)fst00994212</subfield>
      </datafield>
      <datafield tag="650" ind1=" " ind2="7">
         <subfield code="a">Roman law.</subfield>
         <subfield code="2">fast</subfield>
         <subfield code="0">(OCoLC)fst01099759</subfield>
      </datafield>
      <datafield tag="655" ind1=" " ind2="7">
         <subfield code="a">Conference proceedings.</subfield>
         <subfield code="2">fast</subfield>
         <subfield code="0">(OCoLC)fst01423772</subfield>
      </datafield>
      <datafield tag="700" ind1="1" ind2=" ">
         <subfield code="a">Thür, Gerhard.</subfield>
      </datafield>
      <datafield tag="710" ind1="2" ind2=" ">
         <subfield code="a">Österreichische Akademie der Wissenschaften.</subfield>
         <subfield code="b">Kommission für Antike Rechtsgeschichte.</subfield>
      </datafield>
      <datafield tag="830" ind1=" " ind2="0">
         <subfield code="a">Akten der Gesellschaft für Griechische und Hellenistische Rechtsgeschichte ;</subfield>
         <subfield code="v">Bd. 20.</subfield>
      </datafield>
      <datafield tag="994" ind1=" " ind2=" ">
         <subfield code="a">Z0</subfield>
         <subfield code="b">ZYU</subfield>
      </datafield>
      <datafield tag="OWN" ind1=" " ind2=" ">
         <subfield code="a">GENERAL</subfield>
      </datafield>
      <datafield tag="AVA" ind1=" " ind2=" ">
         <subfield code="a">NYU50</subfield>
         <subfield code="b">NISAW</subfield>
         <subfield code="c">Small Collection</subfield>
         <subfield code="d">KL4106.5 .G47 2009</subfield>
         <subfield code="e">available</subfield>
         <subfield code="t">Available</subfield>
         <subfield code="f">1</subfield>
         <subfield code="g">0</subfield>
         <subfield code="h">N</subfield>
         <subfield code="i">0</subfield>
         <subfield code="j">SMALL</subfield>
         <subfield code="k">0</subfield>
      </datafield>
      <marc:datafield tag="852" ind1=" " ind2=" ">
         <marc:subfield code="b">Institute for the Study of the Ancient World, </marc:subfield>
         <marc:subfield code="c">Small Collection</marc:subfield>
         <marc:subfield code="e">15 East 84th St., </marc:subfield>
         <marc:subfield code="e">New York, NY  10028</marc:subfield>
      </marc:datafield>
   </record>