
  
  
  
  
  
 
  
  <record xsi:schemaLocation="http://www.loc.gov/MARC21/slim http://www.loc.gov/standards/marcxml/schema/MARC21slim.xsd">
      <leader>00000cam  2200445 a 4500</leader>
      <controlfield tag="FMT">BK</controlfield>
      <controlfield tag="LDR">00000cam  2200445 a 4500</controlfield>
      <controlfield tag="001">004090307</controlfield>
      <controlfield tag="003">OCoLC</controlfield>
      <controlfield tag="005">20150108160032.0</controlfield>
      <controlfield tag="008">150108s2011    it ab    b    110 0dita</controlfield>
      <datafield tag="010" ind1=" " ind2=" ">
         <subfield code="a">2012391263</subfield>
      </datafield>
      <datafield tag="020" ind1=" " ind2=" ">
         <subfield code="a">9788874780198</subfield>
      </datafield>
      <datafield tag="020" ind1=" " ind2=" ">
         <subfield code="a">8874780192</subfield>
      </datafield>
      <datafield tag="035" ind1=" " ind2=" ">
         <subfield code="a">(OCoLC)775411003</subfield>
      </datafield>
      <datafield tag="040" ind1=" " ind2=" ">
         <subfield code="a">DLC</subfield>
         <subfield code="b">eng</subfield>
         <subfield code="c">DLC</subfield>
         <subfield code="d">C3L</subfield>
         <subfield code="d">EYM</subfield>
         <subfield code="d">ZCU</subfield>
         <subfield code="d">OCLCO</subfield>
         <subfield code="d">OCLCA</subfield>
         <subfield code="d">NNU</subfield>
      </datafield>
      <datafield tag="042" ind1=" " ind2=" ">
         <subfield code="a">pcc</subfield>
      </datafield>
      <datafield tag="043" ind1=" " ind2=" ">
         <subfield code="a">e-it---</subfield>
      </datafield>
      <datafield tag="045" ind1=" " ind2=" ">
         <subfield code="a">a0b0</subfield>
         <subfield code="a">d4i-</subfield>
      </datafield>
      <datafield tag="050" ind1="0" ind2="0">
         <subfield code="a">DG206.B835</subfield>
         <subfield code="b">D67 2011</subfield>
      </datafield>
      <datafield tag="082" ind1="1" ind2="4">
         <subfield code="a">937</subfield>
         <subfield code="2">21</subfield>
      </datafield>
      <datafield tag="245" ind1="0" ind2="0">
         <subfield code="a">Dopo Giorgio Buchner :</subfield>
         <subfield code="b">studi e ricerche su Pithekoussai : atti della giornata di studi, Ischia, 20 giugno 2009 /</subfield>
         <subfield code="c">a cura di Costanza Gialanella, Pier Giovanni Guzzo.</subfield>
      </datafield>
      <datafield tag="260" ind1=" " ind2=" ">
         <subfield code="a">Pozzuoli (Napoli) :</subfield>
         <subfield code="b">Naus,</subfield>
         <subfield code="c">c2011.</subfield>
      </datafield>
      <datafield tag="300" ind1=" " ind2=" ">
         <subfield code="a">102 p. :</subfield>
         <subfield code="b">ill. (some col.), col. maps ;</subfield>
         <subfield code="c">24 cm.</subfield>
      </datafield>
      <datafield tag="500" ind1=" " ind2=" ">
         <subfield code="a">At head of title: Soprintendenza speciale per i beni archeologici di Napoli e Pompei.</subfield>
      </datafield>
      <datafield tag="504" ind1=" " ind2=" ">
         <subfield code="a">Includes bibliographical references (p. 91-102).</subfield>
      </datafield>
      <datafield tag="505" ind1="0" ind2="0">
         <subfield code="t">Presentazione /</subfield>
         <subfield code="r">Irace, Restituta --</subfield>
         <subfield code="t">Introduzione /</subfield>
         <subfield code="r">De Caro, Stefano --</subfield>
         <subfield code="t">Prefazione /</subfield>
         <subfield code="r">Baldino, Domenico --</subfield>
         <subfield code="t">Ricordo di Giorgio Buchner /</subfield>
         <subfield code="r">Gialanella, Costanza --</subfield>
         <subfield code="t">Pitehkoussai rivisitata /</subfield>
         <subfield code="r">Mele, Alfonso --</subfield>
         <subfield code="t">Giovane Buchner e la scoperta dell'età del bronzo flegrea /</subfield>
         <subfield code="r">Peroni, Renato --</subfield>
         <subfield code="t">Giorgio Buchner come precursore dei moderni metodi di scavo stratigrafico /</subfield>
         <subfield code="r">Cazzella, Alberto --</subfield>
         <subfield code="t">Giorgio Buchner e l'archeologia preistorica delle isole tirreniche /</subfield>
         <subfield code="r">Pacciarelli, Marco --</subfield>
         <subfield code="t">Giorgio Buchner, Pithekoussai e la scoperta dell'Occidente /</subfield>
         <subfield code="r">D'Agostino, Bruno --</subfield>
         <subfield code="t">Giorgio Buchner a Cuma /</subfield>
         <subfield code="r">Guzzo, Pier Giovanni --</subfield>
         <subfield code="t">Giorgio Buchner precursore del rapporto tra archeologia e vulcanologia : il ruolo delle determinzaioni crono-archeologiche nella ricostruzione della storia vulcanica e deformativa recente dell'isola d'Ischia /</subfield>
         <subfield code="r">de Vita, Sandro --</subfield>
         <subfield code="r">Di Vito, Mauro Antonio --</subfield>
         <subfield code="r">Marotta, Enrica --</subfield>
         <subfield code="r">Sansivero, Fabio.</subfield>
      </datafield>
      <datafield tag="600" ind1="1" ind2="0">
         <subfield code="a">Buchner, Giorgio</subfield>
         <subfield code="v">Congresses.</subfield>
      </datafield>
      <datafield tag="650" ind1=" " ind2="0">
         <subfield code="a">Excavations (Archaeology)</subfield>
         <subfield code="z">Italy</subfield>
         <subfield code="z">Ischia Island</subfield>
         <subfield code="v">Congresses.</subfield>
      </datafield>
      <datafield tag="651" ind1=" " ind2="0">
         <subfield code="a">Ischia Island (Italy)</subfield>
         <subfield code="x">Antiquities</subfield>
         <subfield code="v">Congresses.</subfield>
      </datafield>
      <datafield tag="650" ind1=" " ind2="0">
         <subfield code="a">Archaeology</subfield>
         <subfield code="x">Methodology</subfield>
         <subfield code="v">Congresses.</subfield>
      </datafield>
      <datafield tag="650" ind1=" " ind2="0">
         <subfield code="a">Volcanology</subfield>
         <subfield code="z">Italy</subfield>
         <subfield code="v">Congresses.</subfield>
      </datafield>
      <datafield tag="700" ind1="1" ind2=" ">
         <subfield code="a">Gialanella, Costanza.</subfield>
      </datafield>
      <datafield tag="700" ind1="1" ind2=" ">
         <subfield code="a">Guzzo, Pier Giovanni.</subfield>
      </datafield>
      <datafield tag="710" ind1="1" ind2=" ">
         <subfield code="a">Italy.</subfield>
         <subfield code="b">Soprintendenza speciale per i beni archeologici di Napoli e Pompei.</subfield>
      </datafield>
      <datafield tag="994" ind1=" " ind2=" ">
         <subfield code="a">Z0</subfield>
         <subfield code="b">ZYU</subfield>
      </datafield>
      <datafield tag="OWN" ind1=" " ind2=" ">
         <subfield code="a">GENERAL</subfield>
      </datafield>
      <datafield tag="AVA" ind1=" " ind2=" ">
         <subfield code="a">NYU50</subfield>
         <subfield code="b">NISAW</subfield>
         <subfield code="c">Large Collection</subfield>
         <subfield code="d">DG206.B835 D67 2011</subfield>
         <subfield code="e">available</subfield>
         <subfield code="t">Available</subfield>
         <subfield code="f">1</subfield>
         <subfield code="g">0</subfield>
         <subfield code="h">N</subfield>
         <subfield code="i">0</subfield>
         <subfield code="j">LARGE</subfield>
         <subfield code="k">0</subfield>
      </datafield>
      <marc:datafield tag="852" ind1=" " ind2=" ">
         <marc:subfield code="b">Institute for the Study of the Ancient World, </marc:subfield>
         <marc:subfield code="c">Large Collection</marc:subfield>
         <marc:subfield code="e">15 East 84th St., </marc:subfield>
         <marc:subfield code="e">New York, NY  10028</marc:subfield>
      </marc:datafield>
   </record>