
  
  
  
  
  
  
 
  
  <record xsi:schemaLocation="http://www.loc.gov/MARC21/slim http://www.loc.gov/standards/marcxml/schema/MARC21slim.xsd">
      <leader>00000cam  2200385 a 4500</leader>
      <controlfield tag="FMT">BK</controlfield>
      <controlfield tag="LDR">00000cam  2200385 a 4500</controlfield>
      <controlfield tag="001">004090315</controlfield>
      <controlfield tag="003">OCoLC</controlfield>
      <controlfield tag="005">20150108165711.0</controlfield>
      <controlfield tag="008">150108s1986    is            100 0 eng d</controlfield>
      <datafield tag="035" ind1=" " ind2=" ">
         <subfield code="a">(OCoLC)19290359</subfield>
         <subfield code="z">(OCoLC)434127863</subfield>
      </datafield>
      <datafield tag="040" ind1=" " ind2=" ">
         <subfield code="a">JBT</subfield>
         <subfield code="b">eng</subfield>
         <subfield code="c">JBT</subfield>
         <subfield code="d">OCLCQ</subfield>
         <subfield code="d">AUW</subfield>
         <subfield code="d">OCLCQ</subfield>
         <subfield code="d">OCLCO</subfield>
         <subfield code="d">OCLCA</subfield>
         <subfield code="d">OCLCF</subfield>
         <subfield code="d">NNU</subfield>
      </datafield>
      <datafield tag="041" ind1="0" ind2=" ">
         <subfield code="a">eng</subfield>
         <subfield code="a">heb</subfield>
         <subfield code="a">fre</subfield>
      </datafield>
      <datafield tag="043" ind1=" " ind2=" ">
         <subfield code="a">a-is---</subfield>
      </datafield>
      <datafield tag="050" ind1=" " ind2="4">
         <subfield code="a">BM173</subfield>
         <subfield code="b">.W6 1985</subfield>
      </datafield>
      <datafield tag="066" ind1=" " ind2=" ">
         <subfield code="c">(2</subfield>
      </datafield>
      <datafield tag="082" ind1="0" ind2="4">
         <subfield code="a">221.6</subfield>
         <subfield code="b">P963</subfield>
      </datafield>
      <datafield tag="111" ind1="2" ind2=" ">
         <subfield code="a">World Congress of Jewish Studies</subfield>
         <subfield code="n">(9th :</subfield>
         <subfield code="d">1985 :</subfield>
         <subfield code="c">Jerusalem)</subfield>
      </datafield>
      <datafield tag="245" ind1="1" ind2="0">
         <subfield code="a">Proceedings of the Ninth World Congress of Jewish Studies, Jerusalem, August 4-12, 1985 :</subfield>
         <subfield code="b">Division A : The period of the Bible.</subfield>
      </datafield>
      <datafield tag="260" ind1=" " ind2=" ">
         <subfield code="a">Jerusalem :</subfield>
         <subfield code="b">World Union of Jewish Studies,</subfield>
         <subfield code="c">1986.</subfield>
      </datafield>
      <datafield tag="300" ind1=" " ind2=" ">
         <subfield code="a">246, 144 pages ;</subfield>
         <subfield code="c">25 cm</subfield>
      </datafield>
      <datafield tag="336" ind1=" " ind2=" ">
         <subfield code="a">text</subfield>
         <subfield code="b">txt</subfield>
         <subfield code="2">rdacontent</subfield>
      </datafield>
      <datafield tag="337" ind1=" " ind2=" ">
         <subfield code="a">unmediated</subfield>
         <subfield code="b">n</subfield>
         <subfield code="2">rdamedia</subfield>
      </datafield>
      <datafield tag="338" ind1=" " ind2=" ">
         <subfield code="a">volume</subfield>
         <subfield code="b">nc</subfield>
         <subfield code="2">rdacarrier</subfield>
      </datafield>
      <datafield tag="500" ind1=" " ind2=" ">
         <subfield code="a">ISAW copy is from the Library of Hayim and Miriam Tadmor.</subfield>
         <subfield code="5">NNU</subfield>
      </datafield>
      <datafield tag="505" ind1="0" ind2="0">
         <subfield code="t">New material concerning Canaanite gods in Egypt /</subfield>
         <subfield code="r">Giveon, Raphael --</subfield>
         <subfield code="t">Some reflections concerning El-Amarna 296 /</subfield>
         <subfield code="r">Katzenstein, H. Jacob --</subfield>
         <subfield code="t">The kings of the Bini-Yamina tribes in the Mari texts /</subfield>
         <subfield code="r">Anbar, Moshe --</subfield>
         <subfield code="t">Sanctuary symbolism in the garden of Eden story /</subfield>
         <subfield code="r">Wenham, Gordon J. --</subfield>
         <subfield code="t">Literary study and "higher criticism" according to the tale of David's beginning /</subfield>
         <subfield code="r">Polak, Frank --</subfield>
         <subfield code="t">Symmetric and asymmetric verses in Hebrew biblical poetry /</subfield>
         <subfield code="r">Segert, Stanislav --</subfield>
         <subfield code="t">Gilead and the fatal world /</subfield>
         <subfield code="r">Landy, Francis --</subfield>
         <subfield code="t">Deliberate deviation from an established pattern of repetition in Hebrew poetry as a rhetorical device /</subfield>
         <subfield code="r">Freedman, David Noel --</subfield>
         <subfield code="t">The song of Moses (Dt. 32) and the quest for early Deuteronomic psalmody /</subfield>
         <subfield code="r">Reichert, Andreas --</subfield>
         <subfield code="t">Numeruswechsel in Deuteronomy 12 /</subfield>
         <subfield code="r">Christensen, Duane L. --</subfield>
         <subfield code="t">Framing repetitions in Biblical historiography /</subfield>
         <subfield code="r">Long, Burke O. --</subfield>
         <subfield code="t">berit in Ezekiel /</subfield>
         <subfield code="r">Begg, Christopher T. --</subfield>
         <subfield code="t">Habakkuk and the problem of the suffering just /</subfield>
         <subfield code="r">Gunneweg, Antonius H.J. --</subfield>
         <subfield code="t">Structure of Isaiah 6 /</subfield>
         <subfield code="r">Magonet, Jonathan --</subfield>
         <subfield code="t">From collections to book : a new approach to the history of tradition and redaction of the book of Proverbs /</subfield>
         <subfield code="r">Saebø, Magne --</subfield>
         <subfield code="t">Structure, Midrash and meaning : the case of Psalm 23 /</subfield>
         <subfield code="r">Cooper, Alan --</subfield>
         <subfield code="t">Priestly impurity system /</subfield>
         <subfield code="r">Milgrom, Jacob --</subfield>
         <subfield code="t">Deuteronomic time /</subfield>
         <subfield code="r">Rehfeld, Walter --</subfield>
         <subfield code="t">Image of the prophet in the light of the targum Jonathan and Jewish literature in the post-biblical period /</subfield>
         <subfield code="r">Ribera, Josep --</subfield>
         <subfield code="t">Memra in the targum to Isaiah /</subfield>
         <subfield code="r">Muñoz León, Domingo --</subfield>
         <subfield code="t">Aramaic targum to Psalms /</subfield>
         <subfield code="r">Wilcox, Max --</subfield>
         <subfield code="t">New manuscript of Tosefta targum /</subfield>
         <subfield code="r">Bernstein, Moshe J. --</subfield>
         <subfield code="t">Ancient elements in the targum to Ruth /</subfield>
         <subfield code="r">Beattie, Derek R.G. --</subfield>
         <subfield code="t">Role of theory in Biblical criticism /</subfield>
         <subfield code="r">Greenstein, Edward L. --</subfield>
         <subfield code="t">Dead Sea scrolls response to change : traditionalists or reformers? /</subfield>
         <subfield code="r">McCready, Wayne O. --</subfield>
      </datafield>
      <datafield tag="505" ind1="8" ind2="0">
         <subfield code="t">Liturgical texts from Qumran cave IV /</subfield>
         <subfield code="r">Schiffman, Lawrence H. --</subfield>
         <subfield code="t">Quelques remarques archéologiques concernant la chronologie des occupations esséniennes de Qoumrân /</subfield>
         <subfield code="r">Laperrousaz, Ernst-Marie --</subfield>
         <subfield code="t">Philo's Tefillin /</subfield>
         <subfield code="r">Cohen, Naomi G. --</subfield>
         <subfield code="t">Hellenization of Jewish wisdom in the letter of Aristeas /</subfield>
         <subfield code="r">Gammie, John G. --</subfield>
         <subfield code="t">Are there Jewish elements in the "Protovangelium Jacobi"? /</subfield>
         <subfield code="r">Mach, Michael --</subfield>
         <subfield code="t">Shem-Tob's Hebrew Matthew /</subfield>
         <subfield code="r">Howard, George H. --</subfield>
         <subfield code="t">Josephus' version of Samson /</subfield>
         <subfield code="r">Feldman, Louis H. --</subfield>
         <subfield code="t">"Evil women" in apocryphal and pseudepigraphical writings /</subfield>
         <subfield code="r">Archer, Léonie.</subfield>
         <subfield code="g">Hebrew section.</subfield>
         <subfield code="t">Settlement of the sea peoples in the shores of Canaan /</subfield>
         <subfield code="r">Singer, Itamar --</subfield>
         <subfield code="t">New look at the biblical flood story and its meaning in the context of Genesis 1-11 /</subfield>
         <subfield code="r">Iwry, Samuel --</subfield>
         <subfield code="t">Case of Naboth in the light of documents from Mesopotamia : a new perspective /</subfield>
         <subfield code="r">Ben-Barak, Zafrira --</subfield>
         <subfield code="t">Aspects of first-person narrative in the Bible /</subfield>
         <subfield code="r">Gottlieb, Isaac --</subfield>
         <subfield code="t">Rationalization of miracle motifs in Biblical narrative /</subfield>
         <subfield code="r">Zakovitch, Yair --</subfield>
         <subfield code="t">Interrelationship between J and E in the Jacob narratives : re-examined /</subfield>
         <subfield code="r">Weisman, Ze'ev --</subfield>
         <subfield code="t">David and his God in the eyes of the royal historiographer /</subfield>
         <subfield code="r">Gelander, Shamai --</subfield>
         <subfield code="t">Rehoboam and his advisors (I Kings 12) /</subfield>
         <subfield code="r">Zalewski, Saul --</subfield>
         <subfield code="t">Melkizedek between Genesis 14 and Psalm 110 /</subfield>
         <subfield code="r">Elitzur, Yehuda --</subfield>
         <subfield code="t">Problem of chronology in Judges 1 /</subfield>
         <subfield code="r">Lurie, Ben-Zion --</subfield>
         <subfield code="t">End of the book of Judges /</subfield>
         <subfield code="r">Amit, Yairah --</subfield>
         <subfield code="t">Social background of reproach prophecies from the latter half of the 8th century /</subfield>
         <subfield code="r">Vargon, Shmuel --</subfield>
         <subfield code="t">"End of prophecy" : a religious, literary and historical problem /</subfield>
         <subfield code="r">Gevaryahu, Haim M.I. --</subfield>
         <subfield code="t">"Sitz im Leben" of the biblical and Egyptian wisdom literature /</subfield>
         <subfield code="r">Shupak, Nili --</subfield>
         <subfield code="t">Should we develop a Jewish theology of the Bible? /</subfield>
         <subfield code="r">Tsevat, Matitiahu --</subfield>
         <subfield code="t">Pseudo-Jonathan targum : its nature and date /</subfield>
         <subfield code="r">Shinan, Avigdor --</subfield>
      </datafield>
      <datafield tag="505" ind1="8" ind2="0">
         <subfield code="t">Transposition of words (hypallage) in the commentary of R. Abraham ibn-Ezra /</subfield>
         <subfield code="r">Perez, Maaravi --</subfield>
         <subfield code="t">ABCDerian inscriptions in Jewish rock cut tombs /</subfield>
         <subfield code="r">Kloner, Amos --</subfield>
         <subfield code="t">Military conquest of Palestine according to the book of Joshua /</subfield>
         <subfield code="r">Rosel, Harmut N. --</subfield>
         <subfield code="t">Concept of "physis" in the philosophy of Philo /</subfield>
         <subfield code="r">Kahn, Jean-Georges.</subfield>
      </datafield>
      <datafield tag="546" ind1=" " ind2=" ">
         <subfield code="a">Written in English and Hebrew, one contribution in French.</subfield>
      </datafield>
      <datafield tag="630" ind1="0" ind2="0">
         <subfield code="a">Bible.</subfield>
         <subfield code="p">Old Testament</subfield>
         <subfield code="x">Criticism, interpretation, etc.</subfield>
         <subfield code="v">Congresses.</subfield>
      </datafield>
      <datafield tag="650" ind1=" " ind2="0">
         <subfield code="a">Jews</subfield>
         <subfield code="x">History</subfield>
         <subfield code="v">Congresses.</subfield>
      </datafield>
      <datafield tag="630" ind1="0" ind2="7">
         <subfield code="a">Bible.</subfield>
         <subfield code="p">Old Testament.</subfield>
         <subfield code="2">fast</subfield>
         <subfield code="0">(OCoLC)fst01808092</subfield>
      </datafield>
      <datafield tag="655" ind1=" " ind2="7">
         <subfield code="a">Criticism, interpretation, etc.</subfield>
         <subfield code="2">fast</subfield>
         <subfield code="0">(OCoLC)fst01411635</subfield>
      </datafield>
      <datafield tag="796" ind1="1" ind2=" ">
         <subfield code="a">Tadmor, Hayim,</subfield>
         <subfield code="e">former owner.</subfield>
      </datafield>
      <datafield tag="796" ind1="1" ind2=" ">
         <subfield code="a">Tadmor, Miriam,</subfield>
         <subfield code="e">former owner.</subfield>
      </datafield>
      <datafield tag="797" ind1="2" ind2=" ">
         <subfield code="a">Tadmor Collection.</subfield>
      </datafield>
      <datafield tag="710" ind1="2" ind2=" ">
         <subfield code="a">World Union of Jewish Studies.</subfield>
      </datafield>
      <datafield tag="880" ind1="0" ind2=" ">
         <subfield code="6">740-00/</subfield>
         <subfield code="a">דברי הקונגרס העולמי התשיעי למדעי היהדות.</subfield>
      </datafield>
      <datafield tag="880" ind1="0" ind2=" ">
         <subfield code="6">740-00/</subfield>
         <subfield code="a">תקופת המקרא.</subfield>
      </datafield>
      <datafield tag="994" ind1=" " ind2=" ">
         <subfield code="a">Z0</subfield>
         <subfield code="b">ZYU</subfield>
      </datafield>
      <datafield tag="OWN" ind1=" " ind2=" ">
         <subfield code="a">GENERAL</subfield>
      </datafield>
      <datafield tag="AVA" ind1=" " ind2=" ">
         <subfield code="a">NYU50</subfield>
         <subfield code="b">NISAW</subfield>
         <subfield code="c">Small Collection</subfield>
         <subfield code="d">BM173 .W6 1985</subfield>
         <subfield code="e">available</subfield>
         <subfield code="t">Available</subfield>
         <subfield code="f">1</subfield>
         <subfield code="g">0</subfield>
         <subfield code="h">N</subfield>
         <subfield code="i">0</subfield>
         <subfield code="j">SMALL</subfield>
         <subfield code="k">0</subfield>
      </datafield>
      <marc:datafield tag="852" ind1=" " ind2=" ">
         <marc:subfield code="b">Institute for the Study of the Ancient World, </marc:subfield>
         <marc:subfield code="c">Small Collection</marc:subfield>
         <marc:subfield code="e">15 East 84th St., </marc:subfield>
         <marc:subfield code="e">New York, NY  10028</marc:subfield>
      </marc:datafield>
   </record>