
  
  
  
  
  
  
 
  
  <record xsi:schemaLocation="http://www.loc.gov/MARC21/slim http://www.loc.gov/standards/marcxml/schema/MARC21slim.xsd">
      <leader>00000cam  2200481 a 4500</leader>
      <controlfield tag="FMT">BK</controlfield>
      <controlfield tag="LDR">00000cam  2200481 a 4500</controlfield>
      <controlfield tag="001">004090316</controlfield>
      <controlfield tag="003">OCoLC</controlfield>
      <controlfield tag="005">20150108170843.0</controlfield>
      <controlfield tag="008">150108s1981    is b     b    100 0 eng d</controlfield>
      <datafield tag="035" ind1=" " ind2=" ">
         <subfield code="a">(OCoLC)18044242</subfield>
         <subfield code="z">(OCoLC)85098533</subfield>
         <subfield code="z">(OCoLC)220003917</subfield>
      </datafield>
      <datafield tag="040" ind1=" " ind2=" ">
         <subfield code="a">TEJ</subfield>
         <subfield code="b">eng</subfield>
         <subfield code="c">TEJ</subfield>
         <subfield code="d">OCL</subfield>
         <subfield code="d">OCLCQ</subfield>
         <subfield code="d">AU@</subfield>
         <subfield code="d">OCLCQ</subfield>
         <subfield code="d">OCLCO</subfield>
         <subfield code="d">OCLCA</subfield>
         <subfield code="d">OCLCF</subfield>
         <subfield code="d">NNU</subfield>
      </datafield>
      <datafield tag="041" ind1="0" ind2=" ">
         <subfield code="a">eng</subfield>
         <subfield code="a">heb</subfield>
         <subfield code="a">fre</subfield>
      </datafield>
      <datafield tag="043" ind1=" " ind2=" ">
         <subfield code="a">aw-----</subfield>
         <subfield code="a">a-is---</subfield>
      </datafield>
      <datafield tag="082" ind1="0" ind2="4">
         <subfield code="a">221.606</subfield>
         <subfield code="2">19</subfield>
      </datafield>
      <datafield tag="090" ind1=" " ind2=" ">
         <subfield code="a">BM173</subfield>
         <subfield code="b">.W6 1977</subfield>
      </datafield>
      <datafield tag="111" ind1="2" ind2=" ">
         <subfield code="a">World Congress of Jewish Studies</subfield>
         <subfield code="n">(7th :</subfield>
         <subfield code="d">1977 :</subfield>
         <subfield code="c">Jerusalem)</subfield>
      </datafield>
      <datafield tag="245" ind1="1" ind2="0">
         <subfield code="a">Proceedings of the seventh World Congress of Jewish Studies :</subfield>
         <subfield code="b">studies in the Bible and the Ancient Near East /</subfield>
         <subfield code="c">held at the Hebrew University of Jerusalem, 7-14 August 1977, under the auspices of the Israel Academy of Sciences and Humanities.</subfield>
      </datafield>
      <datafield tag="246" ind1="3" ind2=" ">
         <subfield code="a">Studies in the Bible and the Ancient Near East</subfield>
      </datafield>
      <datafield tag="260" ind1=" " ind2=" ">
         <subfield code="a">Jerusalem :</subfield>
         <subfield code="b">Perry Foundation for Biblical Research :</subfield>
         <subfield code="b">World Union of Jewish Studies,</subfield>
         <subfield code="c">1981.</subfield>
      </datafield>
      <datafield tag="300" ind1=" " ind2=" ">
         <subfield code="a">81, 98 pages :</subfield>
         <subfield code="b">map ;</subfield>
         <subfield code="c">24 cm.</subfield>
      </datafield>
      <datafield tag="336" ind1=" " ind2=" ">
         <subfield code="a">text</subfield>
         <subfield code="b">txt</subfield>
         <subfield code="2">rdacontent</subfield>
      </datafield>
      <datafield tag="337" ind1=" " ind2=" ">
         <subfield code="a">unmediated</subfield>
         <subfield code="b">n</subfield>
         <subfield code="2">rdamedia</subfield>
      </datafield>
      <datafield tag="338" ind1=" " ind2=" ">
         <subfield code="a">volume</subfield>
         <subfield code="b">nc</subfield>
         <subfield code="2">rdacarrier</subfield>
      </datafield>
      <datafield tag="490" ind1="1" ind2=" ">
         <subfield code="a">A publication of the World Union of Jewish Studies</subfield>
      </datafield>
      <datafield tag="500" ind1=" " ind2=" ">
         <subfield code="a">ISAW copy is from the Library of Hayim and Miriam Tadmor.</subfield>
         <subfield code="5">NNU</subfield>
      </datafield>
      <datafield tag="504" ind1=" " ind2=" ">
         <subfield code="a">Includes bibliographical references.</subfield>
      </datafield>
      <datafield tag="546" ind1=" " ind2=" ">
         <subfield code="a">Contributions in English, Hebrew and French.</subfield>
      </datafield>
      <datafield tag="505" ind1="0" ind2="0">
         <subfield code="g">English section.</subfield>
         <subfield code="t">Genesis XIX:30-38 and the Ugaritic texts of ŠḤR &amp; ŠLM /</subfield>
         <subfield code="r">Porter, J.R. --</subfield>
         <subfield code="t">Ritual rubric or mythological narrative? CTA 23 (UT 52):56-57 reconsidered /</subfield>
         <subfield code="r">Tsumura, David Toshio --</subfield>
         <subfield code="t">Letters, prayers, and letter prayers /</subfield>
         <subfield code="r">Hallo, William W. --</subfield>
         <subfield code="t">Some remarks concerning the succession to the rulership in ancient Israel : the period until the Davidic dynasty /</subfield>
         <subfield code="r">Katzenstein, H.J. --</subfield>
         <subfield code="t">Did there exists a biblical national epic? /</subfield>
         <subfield code="r">Talmon, Shemaryahu --</subfield>
         <subfield code="t">Some recent trends in the form criticism of Old Testament narratives /</subfield>
         <subfield code="r">Long, Burke O. --</subfield>
         <subfield code="t">Remarques sur le problème du "premier mur" et du "deuxième mur" de Jérusalem, après le réfutation décisive de la "minimalist view" /</subfield>
         <subfield code="r">Laperousaz, E.M.</subfield>
         <subfield code="g">Hebrew section.</subfield>
         <subfield code="t">Parallelism of numbers in the Bible and in ancient Semitic literature /</subfield>
         <subfield code="r">Avishur, Yitzchak --</subfield>
         <subfield code="t">Development of the office of "judge" in pre-monarchic Israel /</subfield>
         <subfield code="r">Altman, Amnon --</subfield>
         <subfield code="t">Biblical formulae concerning duration of time /</subfield>
         <subfield code="r">Brin, Gershon --</subfield>
         <subfield code="t">Transfer of colophonic data from the end of a text to its beginning /</subfield>
         <subfield code="r">Gevaryahu, H.M.I. --</subfield>
         <subfield code="t">Boundary between the kingdoms of Judah, Ashkelon and Gaza in the light of an archaeological survey in the Shiqma valley /</subfield>
         <subfield code="r">Gophna, Ram --</subfield>
         <subfield code="t">Mutual relations between the prologue and the dialogues in the book of Job /</subfield>
         <subfield code="r">Hoffman, Yair --</subfield>
         <subfield code="t">Ugaritic prayer for a city under siege /</subfield>
         <subfield code="r">Margalit, Baruch --</subfield>
         <subfield code="t">1 Sam. III : a youth's call to prophecy /</subfield>
         <subfield code="r">Simon, Uriel --</subfield>
         <subfield code="t">Popular assemblies in the Bible /</subfield>
         <subfield code="r">Raviv, Hanoch.</subfield>
      </datafield>
      <datafield tag="630" ind1="0" ind2="0">
         <subfield code="a">Bible.</subfield>
         <subfield code="p">Old Testament</subfield>
         <subfield code="x">Criticism, interpretation, etc.</subfield>
         <subfield code="v">Congresses.</subfield>
      </datafield>
      <datafield tag="651" ind1=" " ind2="0">
         <subfield code="a">Middle East</subfield>
         <subfield code="x">Antiquities</subfield>
         <subfield code="v">Congresses.</subfield>
      </datafield>
      <datafield tag="630" ind1="0" ind2="7">
         <subfield code="a">Bible.</subfield>
         <subfield code="p">Old Testament.</subfield>
         <subfield code="2">fast</subfield>
         <subfield code="0">(OCoLC)fst01808092</subfield>
      </datafield>
      <datafield tag="650" ind1=" " ind2="7">
         <subfield code="a">Antiquities.</subfield>
         <subfield code="2">fast</subfield>
         <subfield code="0">(OCoLC)fst00810745</subfield>
      </datafield>
      <datafield tag="651" ind1=" " ind2="7">
         <subfield code="a">Middle East.</subfield>
         <subfield code="2">fast</subfield>
         <subfield code="0">(OCoLC)fst01241586</subfield>
      </datafield>
      <datafield tag="655" ind1=" " ind2="7">
         <subfield code="a">Conference proceedings.</subfield>
         <subfield code="2">fast</subfield>
         <subfield code="0">(OCoLC)fst01423772</subfield>
      </datafield>
      <datafield tag="655" ind1=" " ind2="7">
         <subfield code="a">Criticism, interpretation, etc.</subfield>
         <subfield code="2">fast</subfield>
         <subfield code="0">(OCoLC)fst01411635</subfield>
      </datafield>
      <datafield tag="796" ind1="1" ind2=" ">
         <subfield code="a">Tadmor, Hayim,</subfield>
         <subfield code="e">former owner.</subfield>
      </datafield>
      <datafield tag="796" ind1="1" ind2=" ">
         <subfield code="a">Tadmor, Miriam,</subfield>
         <subfield code="e">former owner.</subfield>
      </datafield>
      <datafield tag="797" ind1="2" ind2=" ">
         <subfield code="a">Tadmor Collection.</subfield>
      </datafield>
      <datafield tag="710" ind1="2" ind2=" ">
         <subfield code="a">Universiṭah ha-ʻIvrit bi-Yerushalayim.</subfield>
      </datafield>
      <datafield tag="710" ind1="2" ind2=" ">
         <subfield code="a">World Union of Jewish Studies.</subfield>
      </datafield>
      <datafield tag="710" ind1="2" ind2=" ">
         <subfield code="a">Ḳeren Peri le-ḥeḳer ha-Miḳra.</subfield>
      </datafield>
      <datafield tag="830" ind1=" " ind2="0">
         <subfield code="a">Pirsume ha-Igud ha-ʻolami le-madaʻe ha-Yahadut</subfield>
      </datafield>
      <datafield tag="994" ind1=" " ind2=" ">
         <subfield code="a">Z0</subfield>
         <subfield code="b">ZYU</subfield>
      </datafield>
      <datafield tag="OWN" ind1=" " ind2=" ">
         <subfield code="a">GENERAL</subfield>
      </datafield>
      <datafield tag="AVA" ind1=" " ind2=" ">
         <subfield code="a">NYU50</subfield>
         <subfield code="b">NISAW</subfield>
         <subfield code="c">Small Collection</subfield>
         <subfield code="d">BM173 .W6 1977</subfield>
         <subfield code="e">available</subfield>
         <subfield code="t">Available</subfield>
         <subfield code="f">1</subfield>
         <subfield code="g">0</subfield>
         <subfield code="h">N</subfield>
         <subfield code="i">0</subfield>
         <subfield code="j">SMALL</subfield>
         <subfield code="k">0</subfield>
      </datafield>
      <marc:datafield tag="852" ind1=" " ind2=" ">
         <marc:subfield code="b">Institute for the Study of the Ancient World, </marc:subfield>
         <marc:subfield code="c">Small Collection</marc:subfield>
         <marc:subfield code="e">15 East 84th St., </marc:subfield>
         <marc:subfield code="e">New York, NY  10028</marc:subfield>
      </marc:datafield>
   </record>