
  
  
  
  
  
  
  
 
  
  <record xsi:schemaLocation="http://www.loc.gov/MARC21/slim http://www.loc.gov/standards/marcxml/schema/MARC21slim.xsd">
      <leader>00000cam  2200601 a 4500</leader>
      <controlfield tag="FMT">BK</controlfield>
      <controlfield tag="LDR">00000cam  2200601 a 4500</controlfield>
      <controlfield tag="001">004090318</controlfield>
      <controlfield tag="003">OCoLC</controlfield>
      <controlfield tag="005">20150109095232.0</controlfield>
      <controlfield tag="008">150108s1983    is af    b    100 0 eng</controlfield>
      <datafield tag="010" ind1=" " ind2=" ">
         <subfield code="a">84162890</subfield>
      </datafield>
      <datafield tag="035" ind1=" " ind2=" ">
         <subfield code="a">(OCoLC)10473723</subfield>
         <subfield code="z">(OCoLC)10738125</subfield>
      </datafield>
      <datafield tag="040" ind1=" " ind2=" ">
         <subfield code="a">DLC</subfield>
         <subfield code="b">eng</subfield>
         <subfield code="c">DLC</subfield>
         <subfield code="d">OCL</subfield>
         <subfield code="d">OCLCQ</subfield>
         <subfield code="d">BTCTA</subfield>
         <subfield code="d">OCLCO</subfield>
         <subfield code="d">OCLCA</subfield>
         <subfield code="d">OCLCF</subfield>
         <subfield code="d">OCLCQ</subfield>
         <subfield code="d">OCLCO</subfield>
         <subfield code="d">MXL</subfield>
         <subfield code="d">NNU</subfield>
      </datafield>
      <datafield tag="041" ind1="0" ind2=" ">
         <subfield code="a">eng</subfield>
         <subfield code="a">heb</subfield>
      </datafield>
      <datafield tag="050" ind1="0" ind2="0">
         <subfield code="a">BS1171.2</subfield>
         <subfield code="b">.W68 1981</subfield>
      </datafield>
      <datafield tag="082" ind1="0" ind2="0">
         <subfield code="a">221.6</subfield>
         <subfield code="2">19</subfield>
      </datafield>
      <datafield tag="090" ind1=" " ind2=" ">
         <subfield code="a">BM173</subfield>
         <subfield code="b">.W6 1981</subfield>
      </datafield>
      <datafield tag="111" ind1="2" ind2=" ">
         <subfield code="a">World Congress of Jewish Studies</subfield>
         <subfield code="n">(8th :</subfield>
         <subfield code="d">1981 :</subfield>
         <subfield code="c">Jerusalem)</subfield>
      </datafield>
      <datafield tag="245" ind1="1" ind2="0">
         <subfield code="a">Proceedings of the Eighth World Congress of Jewish Studies, Jerusalem, August 16-21, 1981 :</subfield>
         <subfield code="b">panel sessions, Bible studies and Hebrew language.</subfield>
      </datafield>
      <datafield tag="260" ind1=" " ind2=" ">
         <subfield code="a">Jerusalem :</subfield>
         <subfield code="b">World Union of Jewish Studies, Perry Foundation for Biblical Research :</subfield>
         <subfield code="b">Distribution by Magnes Press, Hebrew University,</subfield>
         <subfield code="c">1983.</subfield>
      </datafield>
      <datafield tag="300" ind1=" " ind2=" ">
         <subfield code="a">144, 98 pages, [2] pages of plates :</subfield>
         <subfield code="b">illustrations ;</subfield>
         <subfield code="c">24 cm.</subfield>
      </datafield>
      <datafield tag="336" ind1=" " ind2=" ">
         <subfield code="a">text</subfield>
         <subfield code="b">txt</subfield>
         <subfield code="2">rdacontent</subfield>
      </datafield>
      <datafield tag="337" ind1=" " ind2=" ">
         <subfield code="a">unmediated</subfield>
         <subfield code="b">n</subfield>
         <subfield code="2">rdamedia</subfield>
      </datafield>
      <datafield tag="338" ind1=" " ind2=" ">
         <subfield code="a">volume</subfield>
         <subfield code="b">nc</subfield>
         <subfield code="2">rdacarrier</subfield>
      </datafield>
      <datafield tag="490" ind1="1" ind2=" ">
         <subfield code="a">Publication of the World Union for Jewish Studies</subfield>
      </datafield>
      <datafield tag="500" ind1=" " ind2=" ">
         <subfield code="a">ISAW copy is from the Library of Hayim and Miriam Tadmor.</subfield>
         <subfield code="5">NNU</subfield>
      </datafield>
      <datafield tag="500" ind1=" " ind2=" ">
         <subfield code="a">English and Hebrew.</subfield>
      </datafield>
      <datafield tag="500" ind1=" " ind2=" ">
         <subfield code="a">Title on added t.p.: Divre ha-Ḳongres ha-ʻolami ha-shemini le-madaʻe ha-Yahadut.</subfield>
      </datafield>
      <datafield tag="504" ind1=" " ind2=" ">
         <subfield code="a">Includes bibliographical references.</subfield>
      </datafield>
      <datafield tag="505" ind1="0" ind2="0">
         <subfield code="t">Modern Jewish Bible research : aspects of integration /</subfield>
         <subfield code="r">Goshen-Gottstein, Moshe --</subfield>
         <subfield code="t">Modern study of the Bible in the framework of Jewish studies /</subfield>
         <subfield code="r">Sarna, Nahum M. --</subfield>
         <subfield code="t">Rabbinic exegesis and the modern Christian Bible scholar /</subfield>
         <subfield code="r">Rendtorff, Rolf --</subfield>
         <subfield code="t">Towards a full understanding of the constitution of meaning /</subfield>
         <subfield code="r">Fokkelman, Jan P. --</subfield>
         <subfield code="t">Story versus history /</subfield>
         <subfield code="r">Zakovitch, Yair --</subfield>
         <subfield code="t">Act of reading the Bible /</subfield>
         <subfield code="r">Cooper, Alan --</subfield>
         <subfield code="t">Late language in the Priestly source : some literary and historical observations /</subfield>
         <subfield code="r">Levine, Baruch A. --</subfield>
         <subfield code="t">Language of the Priestly source and its historical setting : the case for an early date /</subfield>
         <subfield code="r">Hurvitz, Avi --</subfield>
         <subfield code="t">Social and cultic institutions in the Priestly sources against their ancient Near Eastern background /</subfield>
         <subfield code="r">Weinfeld, Moshe --</subfield>
         <subfield code="t">Character of the Priestly source : utopian and exclusive features /</subfield>
         <subfield code="r">Haran, Menahem --</subfield>
         <subfield code="t">Elements in the city plan of Jerusalem during the monarchy /</subfield>
         <subfield code="r">Shiloh, Yigal.</subfield>
         <subfield code="g">Hebrew section.</subfield>
         <subfield code="t">Problems of the unity of the Hebrew language throughout its history and its periodization /</subfield>
         <subfield code="r">Ben-Hayyim, Zeev --</subfield>
         <subfield code="t">Periods of the Hebrew language /</subfield>
         <subfield code="r">Rabin, Chaim --</subfield>
         <subfield code="t">Towards the unity of the Hebrew language /</subfield>
         <subfield code="r">Sadan, Dov --</subfield>
         <subfield code="t">Comments on the discussion /</subfield>
         <subfield code="r">Ben-Hayyim, Zeev --</subfield>
         <subfield code="t">Etymology and semantics of biblical Hebrew /</subfield>
         <subfield code="r">Morag, Shelomo --</subfield>
         <subfield code="t">Biblical philology and Arabic lexicography with special attention to middle Arabic /</subfield>
         <subfield code="r">Blau, Joshua --</subfield>
         <subfield code="t">From syntax to semantics : an approach to biblical Hebrew /</subfield>
         <subfield code="r">Rubinstein, Eliezer --</subfield>
         <subfield code="t">Biblical theology and monotheistic mythology /</subfield>
         <subfield code="r">Uffenheimer, Binyamin --</subfield>
         <subfield code="t">Can critical biblical scholarship have a distinctly Jewish character /</subfield>
         <subfield code="r">Greenberg, Moshe.</subfield>
      </datafield>
      <datafield tag="630" ind1="0" ind2="0">
         <subfield code="a">Bible.</subfield>
         <subfield code="p">Old Testament</subfield>
         <subfield code="x">Criticism, interpretation, etc.</subfield>
         <subfield code="v">Congresses.</subfield>
      </datafield>
      <datafield tag="650" ind1=" " ind2="0">
         <subfield code="a">Hebrew language</subfield>
         <subfield code="x">History</subfield>
         <subfield code="v">Congresses.</subfield>
      </datafield>
      <datafield tag="630" ind1="0" ind2="7">
         <subfield code="a">Bible.</subfield>
         <subfield code="p">Old Testament.</subfield>
         <subfield code="2">fast</subfield>
         <subfield code="0">(OCoLC)fst01808092</subfield>
      </datafield>
      <datafield tag="650" ind1=" " ind2="7">
         <subfield code="a">Hebrew language.</subfield>
         <subfield code="2">fast</subfield>
         <subfield code="0">(OCoLC)fst00954191</subfield>
      </datafield>
      <datafield tag="655" ind1=" " ind2="7">
         <subfield code="a">Conference proceedings.</subfield>
         <subfield code="2">fast</subfield>
         <subfield code="0">(OCoLC)fst01423772</subfield>
      </datafield>
      <datafield tag="655" ind1=" " ind2="7">
         <subfield code="a">Criticism, interpretation, etc.</subfield>
         <subfield code="2">fast</subfield>
         <subfield code="0">(OCoLC)fst01411635</subfield>
      </datafield>
      <datafield tag="655" ind1=" " ind2="7">
         <subfield code="a">History.</subfield>
         <subfield code="2">fast</subfield>
         <subfield code="0">(OCoLC)fst01411628</subfield>
      </datafield>
      <datafield tag="796" ind1="1" ind2=" ">
         <subfield code="a">Tadmor, Hayim,</subfield>
         <subfield code="e">former owner.</subfield>
      </datafield>
      <datafield tag="796" ind1="1" ind2=" ">
         <subfield code="a">Tadmor, Miriam,</subfield>
         <subfield code="e">former owner.</subfield>
      </datafield>
      <datafield tag="797" ind1="2" ind2=" ">
         <subfield code="a">Tadmor Collection.</subfield>
      </datafield>
      <datafield tag="710" ind1="2" ind2=" ">
         <subfield code="a">World Union for Jewish Studies.</subfield>
      </datafield>
      <datafield tag="740" ind1="0" ind2=" ">
         <subfield code="a">Divre ha-Ḳongres ha-ʻolami ha-shemini le-madaʻe ha-Yahadut.</subfield>
      </datafield>
      <datafield tag="740" ind1="0" ind2=" ">
         <subfield code="a">Bible studies and Hebrew language.</subfield>
      </datafield>
      <datafield tag="776" ind1="0" ind2="8">
         <subfield code="i">Online version:</subfield>
         <subfield code="a">World Congress of Jewish Studies (8th : 1981 : Jerusalem).</subfield>
         <subfield code="t">Proceedings of the Eighth World Congress of Jewish Studies, Jerusalem, August 16-21, 1981.</subfield>
         <subfield code="d">Jerusalem : World Union of Jewish Studies, Perry Foundation for Biblical Research : Distribution by Magnes Press, Hebrew University, 1983</subfield>
         <subfield code="w">(OCoLC)609318341</subfield>
      </datafield>
      <datafield tag="830" ind1=" " ind2="0">
         <subfield code="a">Pirsume ha-Igud ha-ʻolami le-madaʻe ha-Yahadut</subfield>
      </datafield>
      <datafield tag="994" ind1=" " ind2=" ">
         <subfield code="a">Z0</subfield>
         <subfield code="b">ZYU</subfield>
      </datafield>
      <datafield tag="OWN" ind1=" " ind2=" ">
         <subfield code="a">GENERAL</subfield>
      </datafield>
      <datafield tag="AVA" ind1=" " ind2=" ">
         <subfield code="a">NYU50</subfield>
         <subfield code="b">NISAW</subfield>
         <subfield code="c">Small Collection</subfield>
         <subfield code="d">BM173 .W6 1981</subfield>
         <subfield code="e">available</subfield>
         <subfield code="t">Available</subfield>
         <subfield code="f">1</subfield>
         <subfield code="g">0</subfield>
         <subfield code="h">N</subfield>
         <subfield code="i">0</subfield>
         <subfield code="j">SMALL</subfield>
         <subfield code="k">0</subfield>
      </datafield>
      <marc:datafield tag="852" ind1=" " ind2=" ">
         <marc:subfield code="b">Institute for the Study of the Ancient World, </marc:subfield>
         <marc:subfield code="c">Small Collection</marc:subfield>
         <marc:subfield code="e">15 East 84th St., </marc:subfield>
         <marc:subfield code="e">New York, NY  10028</marc:subfield>
      </marc:datafield>
   </record>