
  
  
  
  
  
  
 
  
  <record xsi:schemaLocation="http://www.loc.gov/MARC21/slim http://www.loc.gov/standards/marcxml/schema/MARC21slim.xsd">
      <leader>00000cam  22007574a 4500</leader>
      <controlfield tag="FMT">BK</controlfield>
      <controlfield tag="LDR">00000cam  22007574a 4500</controlfield>
      <controlfield tag="001">003429938</controlfield>
      <controlfield tag="003">OCoLC</controlfield>
      <controlfield tag="005">20150109093246.0</controlfield>
      <controlfield tag="008">150109s2008    cc ab         000 0 chi d</controlfield>
      <datafield tag="010" ind1=" " ind2=" ">
         <subfield code="a">2009425756</subfield>
      </datafield>
      <datafield tag="020" ind1=" " ind2=" ">
         <subfield code="a">9787228086672</subfield>
      </datafield>
      <datafield tag="020" ind1=" " ind2=" ">
         <subfield code="a">7228086678</subfield>
      </datafield>
      <datafield tag="035" ind1=" " ind2=" ">
         <subfield code="a">(OCoLC)310085607</subfield>
      </datafield>
      <datafield tag="040" ind1=" " ind2=" ">
         <subfield code="a">CNPIT</subfield>
         <subfield code="b">eng</subfield>
         <subfield code="c">CNPIT</subfield>
         <subfield code="d">DLC</subfield>
         <subfield code="d">OCLCF</subfield>
         <subfield code="d">OCLCO</subfield>
         <subfield code="d">ZYU</subfield>
         <subfield code="d">NNU</subfield>
      </datafield>
      <datafield tag="041" ind1="0" ind2=" ">
         <subfield code="a">chi</subfield>
         <subfield code="a">eng</subfield>
         <subfield code="a">jpn</subfield>
      </datafield>
      <datafield tag="042" ind1=" " ind2=" ">
         <subfield code="a">lccopycat</subfield>
      </datafield>
      <datafield tag="043" ind1=" " ind2=" ">
         <subfield code="a">a-cc-su</subfield>
      </datafield>
      <datafield tag="050" ind1="0" ind2="0">
         <subfield code="a">DS793.S62</subfield>
         <subfield code="b">Q2529 2008</subfield>
      </datafield>
      <datafield tag="066" ind1=" " ind2=" ">
         <subfield code="c">$1</subfield>
      </datafield>
      <datafield tag="100" ind1="1" ind2=" ">
         <subfield code="a">Qi, Xiaoshan,</subfield>
         <subfield code="d">1956-</subfield>
         <subfield code="6">880-01</subfield>
      </datafield>
      <datafield tag="245" ind1="1" ind2="0">
         <subfield code="6">880-02</subfield>
         <subfield code="a">Si chou zhi lu :</subfield>
         <subfield code="b">Xinjiang gu dai wen hua /</subfield>
         <subfield code="c">Xinjiang Weiwuerzu Zizhiqu dui wai wen hua jiao liu xie hui, Xinjiang xin bo yi gong yi pin shang dian bian ; Qi Xiaoshan, Wang Bo bian zhu = The ancient culture in Xinjiang along the silk road / edited by Xinjiang Uygur Autonomous Region international cultural exchange association, Xinjiang xinboyi arts and crafts store ; compiled by Qi Xiaoshan, Wang Bo = Shiruku Rōdo : Shinkyō kodai bunka</subfield>
      </datafield>
      <datafield tag="246" ind1="3" ind2="1">
         <subfield code="a">Ancient culture in Xinjiang along the silk road</subfield>
      </datafield>
      <datafield tag="246" ind1="3" ind2="1">
         <subfield code="6">880-03</subfield>
         <subfield code="a">Shiruku Rōdo : Shinkyō kodai bunka</subfield>
      </datafield>
      <datafield tag="246" ind1="3" ind2="0">
         <subfield code="6">880-04</subfield>
         <subfield code="a">Xinjiang gu dai wen hua</subfield>
      </datafield>
      <datafield tag="250" ind1=" " ind2=" ">
         <subfield code="6">880-05</subfield>
         <subfield code="a">Di 1 ban.</subfield>
      </datafield>
      <datafield tag="260" ind1=" " ind2=" ">
         <subfield code="6">880-06</subfield>
         <subfield code="a">Wulumuqi Shi :</subfield>
         <subfield code="b">Xinjiang ren min chu ban she,</subfield>
         <subfield code="c">2008.</subfield>
      </datafield>
      <datafield tag="300" ind1=" " ind2=" ">
         <subfield code="a">303 p. :</subfield>
         <subfield code="b">col. ill., col. maps ;</subfield>
         <subfield code="c">28 cm.</subfield>
      </datafield>
      <datafield tag="546" ind1=" " ind2=" ">
         <subfield code="a">In Chinese, English and Japanese.</subfield>
      </datafield>
      <datafield tag="520" ind1=" " ind2=" ">
         <subfield code="6">880-07</subfield>
         <subfield code="a">Ben hua ce yi Si chou zhi lu Xinjiang duan de san tiao lu xian wei mai luo, quan mian jie shao le jin bai nian lai de kao gu fa jue, diao cha he yan jiu cheng guo, kan yong le 1360 yu fu gu cheng, gu mu, jing pin wen wu de tu pian, yong Zhong, Ying, Ri san zhong wen zi dui zhao, jiang shu le Xinjiang gu dai duo yuan wen hua fa zhan de gui ji, tong shi shou lu le 8 pian zhuan lun, cong duo zhong jiao du chan ming le Si chou zhi lu Xinjiang duan de gu dai wen hua xian xiang.</subfield>
      </datafield>
      <datafield tag="651" ind1=" " ind2="0">
         <subfield code="a">Xinjiang Uygur Zizhiqu (China)</subfield>
         <subfield code="6">880-08</subfield>
         <subfield code="x">Civilization.</subfield>
      </datafield>
      <datafield tag="651" ind1=" " ind2="0">
         <subfield code="a">Xinjiang Uygur Zizhiqu (China)</subfield>
         <subfield code="x">Antiquities</subfield>
         <subfield code="6">880-09</subfield>
      </datafield>
      <datafield tag="651" ind1=" " ind2="0">
         <subfield code="a">Xinjiang Uygur Zizhiqu (China)</subfield>
         <subfield code="x">Description and travel</subfield>
         <subfield code="6">880-10</subfield>
      </datafield>
      <datafield tag="651" ind1=" " ind2="0">
         <subfield code="a">Silk Road.</subfield>
      </datafield>
      <datafield tag="650" ind1=" " ind2="7">
         <subfield code="a">Antiquities.</subfield>
         <subfield code="2">fast</subfield>
         <subfield code="0">(OCoLC)fst00810745</subfield>
      </datafield>
      <datafield tag="650" ind1=" " ind2="7">
         <subfield code="a">Civilization.</subfield>
         <subfield code="2">fast</subfield>
         <subfield code="0">(OCoLC)fst00862898</subfield>
      </datafield>
      <datafield tag="650" ind1=" " ind2="7">
         <subfield code="a">Travel.</subfield>
         <subfield code="2">fast</subfield>
         <subfield code="0">(OCoLC)fst01155558</subfield>
      </datafield>
      <datafield tag="651" ind1=" " ind2="7">
         <subfield code="a">Asia</subfield>
         <subfield code="z">Silk Road.</subfield>
         <subfield code="2">fast</subfield>
         <subfield code="0">(OCoLC)fst01243730</subfield>
      </datafield>
      <datafield tag="651" ind1=" " ind2="7">
         <subfield code="a">China</subfield>
         <subfield code="z">Xinjiang Uygur Zizhiqu.</subfield>
         <subfield code="2">fast</subfield>
         <subfield code="0">(OCoLC)fst01212006</subfield>
      </datafield>
      <datafield tag="700" ind1="1" ind2=" ">
         <subfield code="a">Wang, Bo</subfield>
         <subfield code="6">880-11</subfield>
      </datafield>
      <datafield tag="710" ind1="2" ind2=" ">
         <subfield code="a">Xinjiang Weiwuerzu Zizhiqu dui wai wen hua jiao liu xie hui</subfield>
         <subfield code="6">880-12</subfield>
      </datafield>
      <datafield tag="710" ind1="2" ind2=" ">
         <subfield code="a">Xinjiang xin bo yi gong yi pin shang dian</subfield>
         <subfield code="6">880-13</subfield>
      </datafield>
      <datafield tag="880" ind1="1" ind2=" ">
         <subfield code="6">100-01/</subfield>
         <subfield code="a">祁小山,</subfield>
         <subfield code="d">1956-</subfield>
      </datafield>
      <datafield tag="880" ind1="1" ind2="0">
         <subfield code="6">245-02/</subfield>
         <subfield code="a">丝绸之路 :</subfield>
         <subfield code="b">新疆古代文化 = シルクロード新疆古代文化 /</subfield>
         <subfield code="c">新疆维吾尔族自治区对外文化交流协会, 新疆鑫博艺工艺品商店编 ; 祁小山, 王博编著 = The ancient culture in Xinjiang along the silk road / edited by Xinjiang Uygur Autonomous region international cultural exchange association, Xinjiang xinboyi arts and crafts store ; compiled by Qi Xiaoshan, Wang Bo = Shiruku Rōdo : Shinkyō kodai bunka.</subfield>
      </datafield>
      <datafield tag="880" ind1="3" ind2="1">
         <subfield code="6">246-03/</subfield>
         <subfield code="a">シルクロード : 新疆古代文化</subfield>
      </datafield>
      <datafield tag="880" ind1="3" ind2="0">
         <subfield code="6">246-04/</subfield>
         <subfield code="a">新疆古代文化</subfield>
      </datafield>
      <datafield tag="880" ind1=" " ind2=" ">
         <subfield code="6">250-05/</subfield>
         <subfield code="a">第 1 版.</subfield>
      </datafield>
      <datafield tag="880" ind1=" " ind2=" ">
         <subfield code="6">260-06/</subfield>
         <subfield code="a">乌鲁木齐市 :</subfield>
         <subfield code="b">新疆人民出版社,</subfield>
         <subfield code="c">2008.</subfield>
      </datafield>
      <datafield tag="880" ind1=" " ind2=" ">
         <subfield code="6">520-07/</subfield>
         <subfield code="a">本画册以丝绸之路新疆段的三条路线为脉络，全面介绍了近百年来的考古发掘，调查和研究成果，刊用了1360余幅古城，古墓，精品文物的图片，用中，英，日三种文字对照，讲述了新疆古代多元文化发展的轨迹，同时收录了8篇专论，从多种角度阐明了丝绸之路新疆段的古代文化现象。</subfield>
      </datafield>
      <datafield tag="880" ind1=" " ind2="4">
         <subfield code="6">651-08/</subfield>
         <subfield code="a">新疆维吾尔自治区 (China)</subfield>
         <subfield code="x">Civilization.</subfield>
      </datafield>
      <datafield tag="880" ind1=" " ind2="4">
         <subfield code="6">651-09/</subfield>
         <subfield code="a">新疆维吾尔自治区 (China)</subfield>
         <subfield code="x">Antiquities.</subfield>
      </datafield>
      <datafield tag="880" ind1=" " ind2="4">
         <subfield code="6">651-10/</subfield>
         <subfield code="a">新疆维吾尔自治区 (China)</subfield>
         <subfield code="x">Description and travel.</subfield>
      </datafield>
      <datafield tag="880" ind1="1" ind2=" ">
         <subfield code="6">700-11/</subfield>
         <subfield code="a">王博.</subfield>
      </datafield>
      <datafield tag="880" ind1="2" ind2=" ">
         <subfield code="6">710-12/</subfield>
         <subfield code="a">新疆维吾尔族自治区对外文化交流协会.</subfield>
      </datafield>
      <datafield tag="880" ind1="2" ind2=" ">
         <subfield code="6">710-13/</subfield>
         <subfield code="a">新疆鑫博艺工艺品商店.</subfield>
      </datafield>
      <datafield tag="OWN" ind1=" " ind2=" ">
         <subfield code="a">GENERAL</subfield>
      </datafield>
      <datafield tag="AVA" ind1=" " ind2=" ">
         <subfield code="a">NYU50</subfield>
         <subfield code="b">NIFA</subfield>
         <subfield code="c">Asian</subfield>
         <subfield code="d">DS793.S62 Q2529 2008 Non-circulating</subfield>
         <subfield code="e">available</subfield>
         <subfield code="t">Available</subfield>
         <subfield code="f">1</subfield>
         <subfield code="g">0</subfield>
         <subfield code="h">N</subfield>
         <subfield code="i">0</subfield>
         <subfield code="j">ASIAN</subfield>
         <subfield code="k">0</subfield>
      </datafield>
      <datafield tag="AVA" ind1=" " ind2=" ">
         <subfield code="a">NYU50</subfield>
         <subfield code="b">NISAW</subfield>
         <subfield code="c">Large Collection</subfield>
         <subfield code="d">DS793.S62 Q2529 2008</subfield>
         <subfield code="e">available</subfield>
         <subfield code="t">Available</subfield>
         <subfield code="f">1</subfield>
         <subfield code="g">0</subfield>
         <subfield code="h">N</subfield>
         <subfield code="i">0</subfield>
         <subfield code="j">LARGE</subfield>
         <subfield code="k">0</subfield>
      </datafield>
      <marc:datafield tag="852" ind1=" " ind2=" ">
         <marc:subfield code="b">Institute for the Study of the Ancient World, </marc:subfield>
         <marc:subfield code="c">Large Collection</marc:subfield>
         <marc:subfield code="e">15 East 84th St., </marc:subfield>
         <marc:subfield code="e">New York, NY  10028</marc:subfield>
      </marc:datafield>
   </record>