
  
  
  
  
  
  
  
 
  
  <record xsi:schemaLocation="http://www.loc.gov/MARC21/slim http://www.loc.gov/standards/marcxml/schema/MARC21slim.xsd">
      <leader>00000cam  2200661 a 4500</leader>
      <controlfield tag="FMT">BK</controlfield>
      <controlfield tag="LDR">00000cam  2200661 a 4500</controlfield>
      <controlfield tag="001">004091326</controlfield>
      <controlfield tag="003">OCoLC</controlfield>
      <controlfield tag="005">20150112145437.0</controlfield>
      <controlfield tag="008">150112s1997    cc a     b    101 0 chi</controlfield>
      <datafield tag="010" ind1=" " ind2=" ">
         <subfield code="a">98450370</subfield>
      </datafield>
      <datafield tag="020" ind1=" " ind2=" ">
         <subfield code="a">7500420285</subfield>
      </datafield>
      <datafield tag="020" ind1=" " ind2=" ">
         <subfield code="a">9787500420286</subfield>
      </datafield>
      <datafield tag="035" ind1=" " ind2=" ">
         <subfield code="a">(OCoLC)38918260</subfield>
      </datafield>
      <datafield tag="040" ind1=" " ind2=" ">
         <subfield code="a">DLC-R</subfield>
         <subfield code="b">eng</subfield>
         <subfield code="c">DLC</subfield>
         <subfield code="d">OCLCQ</subfield>
         <subfield code="d">OCLCO</subfield>
         <subfield code="d">OCLCA</subfield>
         <subfield code="d">OCLCF</subfield>
         <subfield code="d">OCLCQ</subfield>
         <subfield code="d">OCLCO</subfield>
         <subfield code="d">NNU</subfield>
      </datafield>
      <datafield tag="043" ind1=" " ind2=" ">
         <subfield code="a">a-cc---</subfield>
      </datafield>
      <datafield tag="050" ind1="0" ind2="0">
         <subfield code="a">DS715</subfield>
         <subfield code="b">.C55263 1996</subfield>
      </datafield>
      <datafield tag="066" ind1=" " ind2=" ">
         <subfield code="c">$1</subfield>
      </datafield>
      <datafield tag="110" ind1="2" ind2=" ">
         <subfield code="a">Zhongguo she hui ke xue yuan.</subfield>
         <subfield code="b">Kao gu yan jiu suo.</subfield>
         <subfield code="b">Zhong qing nian xue shu tao lun hui</subfield>
         <subfield code="d">(1996 :</subfield>
         <subfield code="c">Beijing, China)</subfield>
         <subfield code="6">880-01</subfield>
      </datafield>
      <datafield tag="245" ind1="1" ind2="0">
         <subfield code="6">880-02</subfield>
         <subfield code="a">Kao gu qiu zhi ji :</subfield>
         <subfield code="b">'96 Kao gu yan jiu suo zhong qing nian xue shu tao lun hui wen ji /</subfield>
         <subfield code="c">Zhongguo she hui ke xue yuan kao gu yan jiu suo bian zhu.</subfield>
      </datafield>
      <datafield tag="246" ind1="3" ind2="0">
         <subfield code="a">'96 Kao gu yan jiu suo zhong qing nian xue shu tao lun hui wen ji</subfield>
      </datafield>
      <datafield tag="246" ind1="3" ind2="0">
         <subfield code="6">880-03</subfield>
         <subfield code="a">Kao gu yan jiu suo zhong qing nian xue shu tao lun hui wen ji</subfield>
      </datafield>
      <datafield tag="246" ind1="1" ind2="5">
         <subfield code="a">Seeking truth in the field of archaeology</subfield>
      </datafield>
      <datafield tag="250" ind1=" " ind2=" ">
         <subfield code="6">880-04</subfield>
         <subfield code="a">Di 1 ban.</subfield>
      </datafield>
      <datafield tag="260" ind1=" " ind2=" ">
         <subfield code="6">880-05</subfield>
         <subfield code="a">Beijing :</subfield>
         <subfield code="b">Zhongguo da bai ke quan shu chu ban she,</subfield>
         <subfield code="c">1997.</subfield>
      </datafield>
      <datafield tag="300" ind1=" " ind2=" ">
         <subfield code="a">xi, 511 pages :</subfield>
         <subfield code="b">illustrations ;</subfield>
         <subfield code="c">27 cm.</subfield>
      </datafield>
      <datafield tag="336" ind1=" " ind2=" ">
         <subfield code="a">text</subfield>
         <subfield code="b">txt</subfield>
         <subfield code="2">rdacontent</subfield>
      </datafield>
      <datafield tag="337" ind1=" " ind2=" ">
         <subfield code="a">unmediated</subfield>
         <subfield code="b">n</subfield>
         <subfield code="2">rdamedia</subfield>
      </datafield>
      <datafield tag="338" ind1=" " ind2=" ">
         <subfield code="a">volume</subfield>
         <subfield code="b">nc</subfield>
         <subfield code="2">rdacarrier</subfield>
      </datafield>
      <datafield tag="490" ind1="1" ind2=" ">
         <subfield code="6">880-06</subfield>
         <subfield code="a">Kao gu xue zhuan kan. Jia zhong ;</subfield>
         <subfield code="v">di 25 hao</subfield>
      </datafield>
      <datafield tag="504" ind1=" " ind2=" ">
         <subfield code="a">Includes bibliographical references and index.</subfield>
      </datafield>
      <datafield tag="505" ind1="0" ind2="0">
         <subfield code="6">880-07</subfield>
         <subfield code="t">Gen ju gu dai wen xian gou jian Zhongguo shi qian shi de li cheng : 1919-1950 nian Zhongguo shi qian xue li lun yu fang fa ping lun /</subfield>
         <subfield code="r">Sun Zuchu --</subfield>
         <subfield code="t">Kao gu xue yu chuan tong wen min shi guan /</subfield>
         <subfield code="r">Du Jinpeng --</subfield>
         <subfield code="t">Qing tong shi dai yu yu qi shi dai : zai lun Zhongguo wen ming de qi yuan /</subfield>
         <subfield code="r">Chen Xincang --</subfield>
         <subfield code="t">Wo guo jiu shi qi shi dai kao gu yan jiu de ji ge wen ti /</subfield>
         <subfield code="r">Liu Jingzhi --</subfield>
         <subfield code="t">Wo guo xin shi qi shi dai kao gu fa jue he yan jiu de ji dian ren shi /</subfield>
         <subfield code="r">Liao Yajuan, Liu Zhongfu --</subfield>
         <subfield code="t">Wo guo xin shi qi shi dai ren kou xing bie gou cheng zai yan jiu /</subfield>
         <subfield code="r">Wang Renxiang --</subfield>
         <subfield code="t">Xin shi qi shi dai mu zang zhong sui zan lao dong gong ju de kao cha : yi Huang He zhong you di qu wei li /</subfield>
         <subfield code="r">Yun Xiang --</subfield>
         <subfield code="t">Shi qian ba jiao wen yu shang gu tian shu guan /</subfield>
         <subfield code="r">Feng Shi --</subfield>
         <subfield code="t">Wo guo shi qian fang wu de fei qi xi su /</subfield>
         <subfield code="r">Li Xinwei --</subfield>
         <subfield code="t">Hemudu wen hua ri niao tu xiang shi xi /</subfield>
         <subfield code="r">Jin Wenxin --</subfield>
         <subfield code="t">Xin shi qi shi dai wan qi de pai fang jian zhu ji qi xiang guan wen ti /</subfield>
         <subfield code="r">Jia Xiaobing --</subfield>
         <subfield code="t">HUai He zhong xia you di qu de zao q1 xin shi qi shi dai wen hua /</subfield>
         <subfield code="r">Liang Zhonghe, Fu Xianguo --</subfield>
         <subfield code="t">Zhaobaogou wen hua yan jiu /</subfield>
         <subfield code="r">Dong Xinlin --</subfield>
         <subfield code="t">Xiaozhushan xia ceng wen hua shi xi /</subfield>
         <subfield code="r">Zhu Yanping</subfield>
      </datafield>
      <datafield tag="505" ind1="0" ind2="0">
         <subfield code="6">880-08</subfield>
         <subfield code="t">Lun Luanping Houtaizi xia ceng wen hua yi cun ji qi xiang guan wen ti /</subfield>
         <subfield code="r">Liu Guoxiang --</subfield>
         <subfield code="t">Shi lun Dawenkou wen hua Yuchisi lei xing /</subfield>
         <subfield code="r">Wang Jihuai --</subfield>
         <subfield code="t">Dawenkou wen hua tao bei hu jian lun /</subfield>
         <subfield code="r">Miao Xia --</subfield>
         <subfield code="t">Liangzhu wen hua ji tan mu di tai lun /</subfield>
         <subfield code="r">Zhu Naicheng --</subfield>
         <subfield code="t">Qijia wen hua de yu shi qi /</subfield>
         <subfield code="r">Ye Maolin --</subfield>
         <subfield code="t">Ye tan Zhongguo qing tong wen hua shi dai de xing cheng yu Zhongguo qing tong qi de te dian /</subfield>
         <subfield code="r">Tang Jigen --</subfield>
         <subfield code="t">Shanxi Xia du kao bian /</subfield>
         <subfield code="r">Zhang Lidong --</subfield>
         <subfield code="t">Henan Yanshi Shang cheng yi zhi de kao gu fa jue yu yan jiu shu ping /</subfield>
         <subfield code="r">Wang Xuerong --</subfield>
         <subfield code="t">Shanxi Wugong Xian Andi Shang dai yi cun fen xi /</subfield>
         <subfield code="r">Niu Shishan --</subfield>
         <subfield code="t">Cong Shang Zhou ren xiang yi shu kan Zhongguo gu dai wu ou xiang chong bai chuan tong /</subfield>
         <subfield code="r">Xu Lianggao --</subfield>
         <subfield code="t">Jian lun Shang Zhou wang guo ji qi zhou bian di qu de huang jin qi shi /</subfield>
         <subfield code="r">Gong Guoqiang --</subfield>
         <subfield code="t">Shang Zhou qing tong qi shang chan wen /</subfield>
         <subfield code="r">Xin Aigang --</subfield>
         <subfield code="t">Xinjiang Chuwuhugou wen hua ruo gan wen ti yan jiu /</subfield>
         <subfield code="r">Cong Dexin --</subfield>
         <subfield code="t">Wo guo gu dai tong qiao xing shi ji xiang guan wen ti /</subfield>
         <subfield code="r">Yue Hongbin</subfield>
      </datafield>
      <datafield tag="505" ind1="0" ind2="0">
         <subfield code="6">880-09</subfield>
         <subfield code="t">Shi lun Anyang bei jiao Guojiawan Han dai mu zang /</subfield>
         <subfield code="r">Gu Fei --</subfield>
         <subfield code="t">San Guo Liang Jin Nan Bei Chao yu qi chu tan /</subfield>
         <subfield code="r">Gu Fang --</subfield>
         <subfield code="t">Sui Tang Luoyang Cheng huang cheng jin nian lai de kao gu shou huo ji qi xiang guan wen ti /</subfield>
         <subfield code="r">Chen Liangwei --</subfield>
         <subfield code="t">Tang Dongdu gong cheng zhong zhou xian bu ju chu tan /</subfield>
         <subfield code="r">Jiang Bo --</subfield>
         <subfield code="t">Zang xue de kao gu xue yan jiu : jian lun Xizang yu Zang xue yan jiu de guan xi /</subfield>
         <subfield code="r">Zhao Huimin --</subfield>
         <subfield code="t">Xizang Gaoyuan shi gou mu zang de chu bu yan jiu /</subfield>
         <subfield code="r">Tang Changsheng --</subfield>
         <subfield code="t">Ye tei shu chuan ru Riben de nian dai ji qi xiang guan wen ti /</subfield>
         <subfield code="r">Wang Wei --</subfield>
         <subfield code="t">Zhi wu gui suan ti yan jiu ji qi zai shi qian nong ye yan jiu zhong de ying yong /</subfield>
         <subfield code="r">Wang Zenglin --</subfield>
         <subfield code="t">Henan Shangqiu Panmiao gu dai ren gu zhong xi yan jiu /</subfield>
         <subfield code="r">Zhang Jun --</subfield>
         <subfield code="t">Cheng zhi yao gan kao gu chu lun /</subfield>
         <subfield code="r">Liu Jianguo --</subfield>
         <subfield code="t">Jiangsu Xuzhou Shizishan Han mu bing ma yong de biao ceng jia gu shi yan /</subfield>
         <subfield code="r">Wang Haotian, Li Chunlei.</subfield>
      </datafield>
      <datafield tag="505" ind1="0" ind2="0">
         <subfield code="t">A try in building the prehistory of China in accordance with the ancient documents: a comment on the prehistoric theories and methodologies from 1919 to 1950, China /</subfield>
         <subfield code="r">Sun Zhuchu --</subfield>
         <subfield code="t">Archaeology and traditional concept of the evolution of the Chinese civilization /</subfield>
         <subfield code="r">Du Jinpeng --</subfield>
         <subfield code="t">Bronze and jade age: a further study on the origin of the Chinese civilization /</subfield>
         <subfield code="r">Chen Xingcan --</subfield>
         <subfield code="t">Problems existed in the archaeological research of Paleolithic Age, China /</subfield>
         <subfield code="r">Liu Jingzhi --</subfield>
         <subfield code="t">Views on the excavation and research of Neolithic Age, China /</subfield>
         <subfield code="r">Miao Yajuan, Liu Zhongfu --</subfield>
         <subfield code="t">Further study on the composition of the population and sex in Neolithic Age, China /</subfield>
         <subfield code="r">Wang Renxiang --</subfield>
         <subfield code="t">Investigation on the tombs with productive tools of Neolithic Age, China: taking the middle reaches of the Yellow River as an example /</subfield>
         <subfield code="r">Bai Yunxiang --</subfield>
         <subfield code="t">Octangoral design of the prehistory and ancient thoughts of the heaven /</subfield>
         <subfield code="r">Feng Shi --</subfield>
         <subfield code="t">Custom of deserting houses in the prehistory, China /</subfield>
         <subfield code="r">Li Xinwei --</subfield>
         <subfield code="t">Attentive decipherment on the designs of sun and bird carved on the articles of Hemudu Culture /</subfield>
         <subfield code="r">Lined dwellings of the later Neolithic age and related problems /</subfield>
         <subfield code="r">Jia Xiaobing --</subfield>
         <subfield code="t">Early Neolithic Culture in the middle and lower reaches of the Huaihe River /</subfield>
         <subfield code="r">Liang Zhonghe, Fu Xianguo --</subfield>
         <subfield code="t">On Zhaobaogou Culture /</subfield>
         <subfield code="r">Dong Xinlin --</subfield>
         <subfield code="t">Analysis on lower stratum culture of Xiaozhushan /</subfield>
         <subfield code="r">Zhu Yanping --</subfield>
         <subfield code="t">On the remains of lower stratum of Houtaizi at Luanping and probmes concerned /</subfield>
         <subfield code="r">Liu Guoxiang --</subfield>
         <subfield code="t">On Yuchisi type of Dawenkou Culture /</subfield>
         <subfield code="r">Wang Jihuai --</subfield>
         <subfield code="t">Brief study on the pottery back pot of Dawenkou Culture /</subfield>
         <subfield code="r">Miao Xia --</subfield>
         <subfield code="t">Outline on the sacrifice altar cemetery of Liangzhu Culture /</subfield>
         <subfield code="r">Zhu Naicheng --</subfield>
         <subfield code="t">Jade and stone wares of Qijia Culture /</subfield>
         <subfield code="r">Ye Maolin --</subfield>
         <subfield code="t">On the formation of Bronze Age and the character of bronze in ancient China /</subfield>
         <subfield code="r">Tang Jigen --</subfield>
         <subfield code="t">Distinction of capital of the Xia dynasty in Shanxi /</subfield>
         <subfield code="r">Zhang Lidong --</subfield>
      </datafield>
      <datafield tag="505" ind1="0" ind2="0">
         <subfield code="t">Comment on the excavation and research of the city site in the Shang dynasty, Yanshi, Henan /</subfield>
         <subfield code="r">Wang Xuerong --</subfield>
         <subfield code="t">Analysis on the remains of the Shang dynasty in Andi, Wugong County, Shanxi /</subfield>
         <subfield code="r">Niu Shishan --</subfield>
         <subfield code="t">On ancient Chinese tradition of non-worshipping-idol from the view of figure paintings in the Shang and Zhou dynasties /</subfield>
         <subfield code="r">Xu Lianggao --</subfield>
         <subfield code="t">Brief study on the gold ware in the Shang and Zhou Empires and its neighboring regions /</subfield>
         <subfield code="r">Gong Guoqiang --</subfield>
         <subfield code="t">Cicada design carved on the bronze ware of the Shang and Zhou dynasties /</subfield>
         <subfield code="r">Xin Aigang --</subfield>
         <subfield code="t">On Chawuhugou Culture in Xinjiang /</subfield>
         <subfield code="r">Cong Dexin --</subfield>
         <subfield code="t">On the ancient ornaments of bridge design in bronze and problems concerned /</subfield>
         <subfield code="r">Yue Hongbin --</subfield>
         <subfield code="t">On the tombs of the Han dynasty at Guojiawan, northern suburb of Anyang City, Henan /</subfield>
         <subfield code="r">Gu Fei --</subfield>
         <subfield code="t">Preliminary study on the jade from the Three Kingdoms to the Northern and Southern dynasties /</subfield>
         <subfield code="r">Gu Fang --</subfield>
         <subfield code="t">Recent archaeological achievements on the imperial city of Sui and Tang dynasties in Luoyang and problems concerned /</subfield>
         <subfield code="r">Chen Liangwei --</subfield>
         <subfield code="t">Preliminary study on the disposition of the central line in the Palace City of east capital of the Tang dynasty /</subfield>
         <subfield code="r">Jiang Bo --</subfield>
         <subfield code="t">Archaeological research of the Tibetology: between Tibetan archaeology and Tibetology /</subfield>
         <subfield code="r">Zhao Huimin --</subfield>
         <subfield code="t">Preliminary study on the stone-made tombs in Tibetan Plateau /</subfield>
         <subfield code="r">Tan Changsheng --</subfield>
         <subfield code="t">On the time of the introduction of the iron smelting skill to Japan /</subfield>
         <subfield code="r">Wang Wei --</subfield>
         <subfield code="t">Study on the phytolity and its application in the research of the prehistoric agriculture /</subfield>
         <subfield code="r">Wang Zenglin --</subfield>
         <subfield code="t">On the racial system of the human bones at Panmiao, Shangqiu, Henan /</subfield>
         <subfield code="r">Zhang Jun --</subfield>
         <subfield code="t">On the application of remote sensing in city-site archaeology /</subfield>
         <subfield code="r">Liu Jiangguo --</subfield>
         <subfield code="t">Experiment on strengthening of surface of the pottery warriors and horses /</subfield>
         <subfield code="r">Wang Haotian and Li Chunlei.</subfield>
      </datafield>
      <datafield tag="651" ind1=" " ind2="0">
         <subfield code="a">China</subfield>
         <subfield code="x">Antiquities</subfield>
         <subfield code="v">Congresses.</subfield>
      </datafield>
      <datafield tag="650" ind1=" " ind2="0">
         <subfield code="a">Archaeology</subfield>
         <subfield code="z">China</subfield>
         <subfield code="v">Congresses.</subfield>
      </datafield>
      <datafield tag="650" ind1=" " ind2="7">
         <subfield code="a">Antiquities.</subfield>
         <subfield code="2">fast</subfield>
         <subfield code="0">(OCoLC)fst00810745</subfield>
      </datafield>
      <datafield tag="650" ind1=" " ind2="7">
         <subfield code="a">Archaeology.</subfield>
         <subfield code="2">fast</subfield>
         <subfield code="0">(OCoLC)fst00812938</subfield>
      </datafield>
      <datafield tag="651" ind1=" " ind2="7">
         <subfield code="a">China.</subfield>
         <subfield code="2">fast</subfield>
         <subfield code="0">(OCoLC)fst01206073</subfield>
      </datafield>
      <datafield tag="655" ind1=" " ind2="7">
         <subfield code="a">Conference proceedings.</subfield>
         <subfield code="2">fast</subfield>
         <subfield code="0">(OCoLC)fst01423772</subfield>
      </datafield>
      <datafield tag="710" ind1="2" ind2=" ">
         <subfield code="6">880-10</subfield>
         <subfield code="a">Zhongguo she hui ke xue yuan.</subfield>
         <subfield code="b">Kao gu yan jiu suo.</subfield>
      </datafield>
      <datafield tag="880" ind1="2" ind2=" ">
         <subfield code="6">110-01/</subfield>
         <subfield code="a">中国社会科学院.</subfield>
         <subfield code="b">考古研究所.</subfield>
         <subfield code="t">中青年学术讨论会</subfield>
         <subfield code="d">(1996 :</subfield>
         <subfield code="c">Beijing, China)</subfield>
      </datafield>
      <datafield tag="880" ind1="1" ind2="0">
         <subfield code="6">245-02/</subfield>
         <subfield code="a">考古求知集 :</subfield>
         <subfield code="b">'96 考古硏究所中青年学术讨论会文集 /</subfield>
         <subfield code="c">中国社会科学院考古研究所编著.</subfield>
      </datafield>
      <datafield tag="880" ind1="3" ind2="0">
         <subfield code="6">246-03/</subfield>
         <subfield code="a">考古硏究所中青年学术讨论会文集</subfield>
      </datafield>
      <datafield tag="880" ind1=" " ind2=" ">
         <subfield code="6">250-04/</subfield>
         <subfield code="a">第1版.</subfield>
      </datafield>
      <datafield tag="880" ind1=" " ind2=" ">
         <subfield code="6">260-05/</subfield>
         <subfield code="a">北京 :</subfield>
         <subfield code="b">中国大百科全书出版社,</subfield>
         <subfield code="c">1997.</subfield>
      </datafield>
      <datafield tag="880" ind1="1" ind2=" ">
         <subfield code="6">490-06/</subfield>
         <subfield code="a">考古学专刊. 甲种 ;</subfield>
         <subfield code="v">第25号</subfield>
      </datafield>
      <datafield tag="880" ind1="0" ind2="0">
         <subfield code="6">505-07/</subfield>
         <subfield code="t">根据古代文献构建中国史前史的历程 : 1919-1950年中国史前学理论与方法评论 /</subfield>
         <subfield code="r">孙祖初 --</subfield>
         <subfield code="t">考古学与传统文明史观 /</subfield>
         <subfield code="r">杜金鹏 --</subfield>
         <subfield code="t">青铜时代与玉器时代 : --</subfield>
         <subfield code="t">再论中国文明的起源 /</subfield>
         <subfield code="r">陈星灿 --</subfield>
         <subfield code="t">我国旧石器时代考古研究的几个问题 /</subfield>
         <subfield code="r">刘景芝 --</subfield>
         <subfield code="t">我国新石器时代考古发掘和研究的几点认识 /</subfield>
         <subfield code="r">缪雅娟, 刘忠伏 --</subfield>
         <subfield code="t">我国新石器时代人口性别构成再研究 /</subfield>
         <subfield code="r">王仁湘 --</subfield>
         <subfield code="t">新石器时代墓葬中的随葬劳动工具的考察 : 以黄河中游地区为例 /</subfield>
         <subfield code="r">云翔 --</subfield>
         <subfield code="t">史前八角纹与上古天数观 /</subfield>
         <subfield code="r">冯时 --</subfield>
         <subfield code="t">我国史前房屋的废弃习俗 /</subfield>
         <subfield code="r">李新伟 --</subfield>
         <subfield code="t">河姆渡文化日鸟图像试析 /</subfield>
         <subfield code="r">金文馨 --</subfield>
         <subfield code="t">新石器时代晚期的排房建筑及其相关问题 /</subfield>
         <subfield code="r">贾笑冰 --</subfield>
         <subfield code="t">淮河中下游地区的早期新石器时代文化 /</subfield>
         <subfield code="r">梁中合, 傅宪国 --</subfield>
         <subfield code="t">赵宝沟文化研究 /</subfield>
         <subfield code="r">董新林 --</subfield>
         <subfield code="t">小珠山下层文化试析 /</subfield>
         <subfield code="r">朱延平</subfield>
      </datafield>
      <datafield tag="880" ind1="0" ind2="0">
         <subfield code="6">505-08/</subfield>
         <subfield code="t">论滦平后台子下层文化遗存及相关问题 /</subfield>
         <subfield code="r">刘国祥 --</subfield>
         <subfield code="t">试论大汶口文化尉迟寺类型 /</subfield>
         <subfield code="r">王吉怀 --</subfield>
         <subfield code="t">大汶口文化陶背壶简论 /</subfield>
         <subfield code="r">苗霞 --</subfield>
         <subfield code="t">良渚文化祭坛墓地概论 /</subfield>
         <subfield code="r">朱乃诚 --</subfield>
         <subfield code="t">齐家文化的玉石器 /</subfield>
         <subfield code="r">叶茂林 --</subfield>
         <subfield code="t">也谈中国青铜文化时代的形成与中国青铜器的特点 /</subfield>
         <subfield code="r">唐际根 --</subfield>
         <subfield code="t">山西夏都考辩 /</subfield>
         <subfield code="r">张立东 --</subfield>
         <subfield code="t">河南偃师商城遗址的考古发掘与研究述评 /</subfield>
         <subfield code="r">王学荣 --</subfield>
         <subfield code="t">陕西武功县岸底商代遗存分析 /</subfield>
         <subfield code="r">牛世山 --</subfield>
         <subfield code="t">从商周人像艺术看中国古代无偶像崇拜传统 /</subfield>
         <subfield code="r">徐良高 --</subfield>
         <subfield code="t">简论商周王国及其周边地区的黄金器饰 /</subfield>
         <subfield code="r">龚国强 --</subfield>
         <subfield code="t">商周青铜器上蝉纹 /</subfield>
         <subfield code="r">辛爱罡 --</subfield>
         <subfield code="t">新疆察吾乎沟文化若干问题研究 /</subfield>
         <subfield code="r">从德新 --</subfield>
         <subfield code="t">我国古代铜桥形饰及相关问题 /</subfield>
         <subfield code="r">岳洪彬</subfield>
      </datafield>
      <datafield tag="880" ind1="0" ind2="0">
         <subfield code="6">505-09/</subfield>
         <subfield code="t">试论安阳北郊郭家湾汉代墓葬 /</subfield>
         <subfield code="r">谷飞 --</subfield>
         <subfield code="t">三国两晋南北朝玉器初探 /</subfield>
         <subfield code="r">古方 --</subfield>
         <subfield code="t">隋唐洛阳城皇城近年来的考古收获及其相关问题 /</subfield>
         <subfield code="r">陈良伟 --</subfield>
         <subfield code="t">唐东都宫城中轴线布局初探 /</subfield>
         <subfield code="r">姜波 --</subfield>
         <subfield code="t">藏学的考古学研究 : 兼论西藏考古与藏学研究的关系 /</subfield>
         <subfield code="r">赵慧民 --</subfield>
         <subfield code="t">西藏高原石构墓葬的初步研究 /</subfield>
         <subfield code="r">谭长生 --</subfield>
         <subfield code="t">冶铁术传入日本的年代及其相关问题 /</subfield>
         <subfield code="r">王巍 --</subfield>
         <subfield code="t">植物硅酸体研究及其在史前农业研究中的应用 /</subfield>
         <subfield code="r">王增林 --</subfield>
         <subfield code="t">河南商丘潘庙古代人骨种系研究 /</subfield>
         <subfield code="r">张君 --</subfield>
         <subfield code="t">城址遥感考古初论 /</subfield>
         <subfield code="r">刘建国 --</subfield>
         <subfield code="t">江苏徐州狮子山汉墓兵马俑的表层加固实验 /</subfield>
         <subfield code="r">王浩天, 李春雷.</subfield>
      </datafield>
      <datafield tag="880" ind1="2" ind2=" ">
         <subfield code="6">710-10/</subfield>
         <subfield code="a">中国社会科学院.</subfield>
         <subfield code="b">考古研究所.</subfield>
      </datafield>
      <datafield tag="830" ind1=" " ind2="0">
         <subfield code="6">880-11</subfield>
         <subfield code="a">Kao gu xue zhuan kan.</subfield>
         <subfield code="n">Jia zhong ;</subfield>
         <subfield code="v">di 25 hao.</subfield>
      </datafield>
      <datafield tag="880" ind1=" " ind2="0">
         <subfield code="6">830-11/</subfield>
         <subfield code="a">考古学专刊.</subfield>
         <subfield code="n">甲种 ;</subfield>
         <subfield code="v">第25号.</subfield>
      </datafield>
      <datafield tag="994" ind1=" " ind2=" ">
         <subfield code="a">Z0</subfield>
         <subfield code="b">ZYU</subfield>
      </datafield>
      <datafield tag="OWN" ind1=" " ind2=" ">
         <subfield code="a">GENERAL</subfield>
      </datafield>
      <datafield tag="AVA" ind1=" " ind2=" ">
         <subfield code="a">NYU50</subfield>
         <subfield code="b">NISAW</subfield>
         <subfield code="c">Small Collection</subfield>
         <subfield code="d">DS715 .C5526 1996</subfield>
         <subfield code="e">available</subfield>
         <subfield code="t">Available</subfield>
         <subfield code="f">1</subfield>
         <subfield code="g">0</subfield>
         <subfield code="h">N</subfield>
         <subfield code="i">0</subfield>
         <subfield code="j">SMALL</subfield>
         <subfield code="k">0</subfield>
      </datafield>
      <marc:datafield tag="852" ind1=" " ind2=" ">
         <marc:subfield code="b">Institute for the Study of the Ancient World, </marc:subfield>
         <marc:subfield code="c">Small Collection</marc:subfield>
         <marc:subfield code="e">15 East 84th St., </marc:subfield>
         <marc:subfield code="e">New York, NY  10028</marc:subfield>
      </marc:datafield>
   </record>