
  
  
  
  
  
 
  
  <record xsi:schemaLocation="http://www.loc.gov/MARC21/slim http://www.loc.gov/standards/marcxml/schema/MARC21slim.xsd">
      <leader>00000cam a22      a 4500</leader>
      <controlfield tag="FMT">BK</controlfield>
      <controlfield tag="LDR">00000cam a22      a 4500</controlfield>
      <controlfield tag="001">004091338</controlfield>
      <controlfield tag="005">20150112114252.0</controlfield>
      <controlfield tag="008">150112s2001    ir       b    001 0 per d</controlfield>
      <datafield tag="020" ind1=" " ind2=" ">
         <subfield code="a">964331085X</subfield>
      </datafield>
      <datafield tag="020" ind1=" " ind2=" ">
         <subfield code="a">9789643310851</subfield>
      </datafield>
      <datafield tag="035" ind1=" " ind2=" ">
         <subfield code="a">(OCoLC)49258823</subfield>
      </datafield>
      <datafield tag="040" ind1=" " ind2=" ">
         <subfield code="a">HLS</subfield>
         <subfield code="b">eng</subfield>
         <subfield code="c">HLS</subfield>
         <subfield code="d">WAU</subfield>
         <subfield code="d">CUY</subfield>
         <subfield code="d">OCLCF</subfield>
         <subfield code="d">OCLCQ</subfield>
      </datafield>
      <datafield tag="043" ind1=" " ind2=" ">
         <subfield code="a">a-ir---</subfield>
      </datafield>
      <datafield tag="050" ind1=" " ind2="4">
         <subfield code="a">PK6520</subfield>
         <subfield code="b">.N35 2001</subfield>
      </datafield>
      <datafield tag="050" ind1=" " ind2="4">
         <subfield code="a">GT4504.78</subfield>
         <subfield code="b">.K43 2001</subfield>
      </datafield>
      <datafield tag="100" ind1="0" ind2=" ">
         <subfield code="a">Omar Khayyam.</subfield>
      </datafield>
      <datafield tag="245" ind1="1" ind2="0">
         <subfield code="6">880-01</subfield>
         <subfield code="a">Nawrūzʹnāmah :</subfield>
         <subfield code="b">dar manshaʼ va tārīkh va ādāb-i jashn-i nawrūz /</subfield>
         <subfield code="c">as̲ar-i ʻUmar Khayyām Nīshābūrī ; taṣḥīḥ va taḥshīyah-ʼi Mujtabá Mīnuvī.</subfield>
      </datafield>
      <datafield tag="246" ind1="1" ind2="5">
         <subfield code="a">Nowrūz nāmah :</subfield>
         <subfield code="b">a treatise on the origin, history, &amp; the ceremonies of the Persian new-year festival</subfield>
      </datafield>
      <datafield tag="250" ind1=" " ind2=" ">
         <subfield code="a">Chāp-i 1.</subfield>
      </datafield>
      <datafield tag="260" ind1=" " ind2=" ">
         <subfield code="6">880-02</subfield>
         <subfield code="a">Tihrān :</subfield>
         <subfield code="b">Intishārāt-i Asāṭīr,</subfield>
         <subfield code="c">1380 [2001 or 2002]</subfield>
      </datafield>
      <datafield tag="300" ind1=" " ind2=" ">
         <subfield code="a">[30], 148 pages ;</subfield>
         <subfield code="c">22 cm</subfield>
      </datafield>
      <datafield tag="336" ind1=" " ind2=" ">
         <subfield code="a">text</subfield>
         <subfield code="b">txt</subfield>
         <subfield code="2">rdacontent</subfield>
      </datafield>
      <datafield tag="337" ind1=" " ind2=" ">
         <subfield code="a">unmediated</subfield>
         <subfield code="b">n</subfield>
         <subfield code="2">rdamedia</subfield>
      </datafield>
      <datafield tag="338" ind1=" " ind2=" ">
         <subfield code="a">volume</subfield>
         <subfield code="b">nc</subfield>
         <subfield code="2">rdacarrier</subfield>
      </datafield>
      <datafield tag="504" ind1=" " ind2=" ">
         <subfield code="a">Includes bibliographical references and index.</subfield>
      </datafield>
      <datafield tag="650" ind1=" " ind2="0">
         <subfield code="a">Nawrūz (Festival)</subfield>
      </datafield>
      <datafield tag="650" ind1=" " ind2="0">
         <subfield code="a">Festivals</subfield>
         <subfield code="z">Iran.</subfield>
      </datafield>
      <datafield tag="650" ind1=" " ind2="7">
         <subfield code="a">Festivals.</subfield>
         <subfield code="2">fast</subfield>
         <subfield code="0">(OCoLC)fst00923329</subfield>
      </datafield>
      <datafield tag="650" ind1=" " ind2="7">
         <subfield code="a">Nawrūz (Festival)</subfield>
         <subfield code="2">fast</subfield>
         <subfield code="0">(OCoLC)fst01035186</subfield>
      </datafield>
      <datafield tag="651" ind1=" " ind2="7">
         <subfield code="a">Iran.</subfield>
         <subfield code="2">fast</subfield>
         <subfield code="0">(OCoLC)fst01204889</subfield>
      </datafield>
      <datafield tag="700" ind1="1" ind2=" ">
         <subfield code="a">Mīnuvī, Mujtabá</subfield>
         <subfield code="6">880-03</subfield>
      </datafield>
      <datafield tag="752" ind1=" " ind2=" ">
         <subfield code="a">Iran</subfield>
         <subfield code="d">Tehran.</subfield>
      </datafield>
      <datafield tag="880" ind1="1" ind2="0">
         <subfield code="6">245-01/</subfield>
         <subfield code="a">نوروزنامة :</subfield>
         <subfield code="b">در منشأ و تاريخ و آداب جشن نوروز /</subfield>
         <subfield code="c">عمر خيام نيشابوري ؛ تصحيح و تحشيۀ مجتبى مينوي اثر.</subfield>
      </datafield>
      <datafield tag="880" ind1=" " ind2=" ">
         <subfield code="6">260-02/</subfield>
         <subfield code="a">تهران :</subfield>
         <subfield code="b">انتشارات اساطير،</subfield>
         <subfield code="c">1380 [2001 or 2002]</subfield>
      </datafield>
      <datafield tag="880" ind1="1" ind2=" ">
         <subfield code="6">700-03/</subfield>
         <subfield code="a">مينوي، مجتبى.</subfield>
      </datafield>
      <datafield tag="OWN" ind1=" " ind2=" ">
         <subfield code="a">GENERAL</subfield>
      </datafield>
      <datafield tag="AVA" ind1=" " ind2=" ">
         <subfield code="a">NYU50</subfield>
         <subfield code="b">NISAW</subfield>
         <subfield code="c">Small Collection</subfield>
         <subfield code="d">GT4504.78 .K43 2001</subfield>
         <subfield code="e">available</subfield>
         <subfield code="t">Available</subfield>
         <subfield code="f">1</subfield>
         <subfield code="g">0</subfield>
         <subfield code="h">N</subfield>
         <subfield code="i">0</subfield>
         <subfield code="j">SMALL</subfield>
         <subfield code="k">0</subfield>
      </datafield>
      <marc:datafield tag="852" ind1=" " ind2=" ">
         <marc:subfield code="b">Institute for the Study of the Ancient World, </marc:subfield>
         <marc:subfield code="c">Small Collection</marc:subfield>
         <marc:subfield code="e">15 East 84th St., </marc:subfield>
         <marc:subfield code="e">New York, NY  10028</marc:subfield>
      </marc:datafield>
   </record>