
  
  
  
  
  
  
  
 
  
  <record xsi:schemaLocation="http://www.loc.gov/MARC21/slim http://www.loc.gov/standards/marcxml/schema/MARC21slim.xsd">
      <leader>00000cam  2200457 i 4500</leader>
      <controlfield tag="FMT">BK</controlfield>
      <controlfield tag="LDR">00000cam  2200457 i 4500</controlfield>
      <controlfield tag="001">004091458</controlfield>
      <controlfield tag="003">OCoLC</controlfield>
      <controlfield tag="005">20150112162807.0</controlfield>
      <controlfield tag="008">150112s1979    ru       b    000 0 ruso</controlfield>
      <datafield tag="010" ind1=" " ind2=" ">
         <subfield code="a">80495598</subfield>
      </datafield>
      <datafield tag="015" ind1=" " ind2=" ">
         <subfield code="a">USSR79</subfield>
      </datafield>
      <datafield tag="035" ind1=" " ind2=" ">
         <subfield code="a">(OCoLC)6864793</subfield>
      </datafield>
      <datafield tag="040" ind1=" " ind2=" ">
         <subfield code="a">DLC</subfield>
         <subfield code="b">eng</subfield>
         <subfield code="c">DLC</subfield>
         <subfield code="d">OCLCF</subfield>
         <subfield code="d">OCLCQ</subfield>
         <subfield code="d">NNU</subfield>
      </datafield>
      <datafield tag="041" ind1="0" ind2=" ">
         <subfield code="a">rus</subfield>
         <subfield code="b">eng</subfield>
      </datafield>
      <datafield tag="043" ind1=" " ind2=" ">
         <subfield code="a">aw-----</subfield>
      </datafield>
      <datafield tag="050" ind1="0" ind2="0">
         <subfield code="a">DS41</subfield>
         <subfield code="b">.P4 vol. 3</subfield>
         <subfield code="a">DS45</subfield>
      </datafield>
      <datafield tag="066" ind1=" " ind2=" ">
         <subfield code="a">(N</subfield>
      </datafield>
      <datafield tag="245" ind1="0" ind2="0">
         <subfield code="6">880-01</subfield>
         <subfield code="a">Istorii͡a i filologii͡a stran drevnego Vostoka /</subfield>
         <subfield code="c">[otv. red. M.A. Dandamaev, V.A. Livshit͡s].</subfield>
      </datafield>
      <datafield tag="260" ind1=" " ind2=" ">
         <subfield code="6">880-02</subfield>
         <subfield code="a">Moskva :</subfield>
         <subfield code="b">Nauka,</subfield>
         <subfield code="c">1979.</subfield>
      </datafield>
      <datafield tag="300" ind1=" " ind2=" ">
         <subfield code="a">280 pages ;</subfield>
         <subfield code="c">22 cm.</subfield>
      </datafield>
      <datafield tag="336" ind1=" " ind2=" ">
         <subfield code="a">text</subfield>
         <subfield code="b">txt</subfield>
         <subfield code="2">rdacontent</subfield>
      </datafield>
      <datafield tag="337" ind1=" " ind2=" ">
         <subfield code="a">unmediated</subfield>
         <subfield code="b">n</subfield>
         <subfield code="2">rdamedia</subfield>
      </datafield>
      <datafield tag="338" ind1=" " ind2=" ">
         <subfield code="a">volume</subfield>
         <subfield code="b">nc</subfield>
         <subfield code="2">rdacarrier</subfield>
      </datafield>
      <datafield tag="490" ind1="1" ind2=" ">
         <subfield code="a">Peredneaziatskiĭ sbornik ;</subfield>
         <subfield code="v">3</subfield>
      </datafield>
      <datafield tag="500" ind1=" " ind2=" ">
         <subfield code="a">ISAW copy is from the Library of Hayim and Miriam Tadmor.</subfield>
         <subfield code="5">NNU</subfield>
      </datafield>
      <datafield tag="500" ind1=" " ind2=" ">
         <subfield code="a">ISAW copy is inscribed by contributor Joseph Amusin.</subfield>
         <subfield code="5">NNU</subfield>
      </datafield>
      <datafield tag="500" ind1=" " ind2=" ">
         <subfield code="a">At head of title: Akademii͡a nauk SSSR. Institut vostokovedenii͡a.</subfield>
      </datafield>
      <datafield tag="500" ind1=" " ind2=" ">
         <subfield code="a">Summaries in English; table of contents also in English.</subfield>
      </datafield>
      <datafield tag="504" ind1=" " ind2=" ">
         <subfield code="a">Includes bibliographical references.</subfield>
      </datafield>
      <datafield tag="505" ind1="0" ind2="0">
         <subfield code="t">O skifakh i Skifskom t͡sarstve v Azerbaĭdzhane /</subfield>
         <subfield code="r">Aliev, Igrar --</subfield>
         <subfield code="t">K voprosu o naemnom trude na drevnem Blizhnem Vostoke (1-i͡a polovina I tysi͡acheletii͡a do n. ė.) /</subfield>
         <subfield code="r">Amusin, I.D. --</subfield>
         <subfield code="t">Nekotorye skhodnye strukturnye priznaki khattskogo i abkhazo-adygskikh i͡azykov /</subfield>
         <subfield code="r">Ardzinba, B.G. --</subfield>
         <subfield code="t">O perevodakh shumerskoĭ poėzii /</subfield>
         <subfield code="r">Afanas'eva, V.K. --</subfield>
         <subfield code="t">Znaki É i LÍL v protoshumerskikh tekstakh iz Dzhemdet-nasra /</subfield>
         <subfield code="r">Vaĭman, A.A. --</subfield>
         <subfield code="t">K voprosu ob ustnoĭ i pis'mennoĭ tradit͡sii v Vetkhom Zavete /</subfield>
         <subfield code="r">Veĭnberg, I.P. --</subfield>
         <subfield code="t">Voprosy konsonantizma klinopisnogo khettskogo i͡azyka /</subfield>
         <subfield code="r">Gamkrelidze, T.V. --</subfield>
         <subfield code="t">Natural'nye i denezhnye nalogi v Mari /</subfield>
         <subfield code="r">Gribov, R.A. --</subfield>
         <subfield code="t">Dannye vavilonskikh tekstov VI-V vv. do n. ė. o rybolovstve /</subfield>
         <subfield code="r">Dandamaev, M.A. --</subfield>
         <subfield code="t">Urartsk. mari, khurritsk. marianne, khaĭassk. Marija- /</subfield>
         <subfield code="r">Ivanov, Vi͡ach. Vs. --</subfield>
         <subfield code="t">Napravitel'nyĭ (allativnyĭ) padezh v shumerskom i͡azyke /</subfield>
         <subfield code="r">Kaneva, I.T. --</subfield>
         <subfield code="t">Upotreblenie prezensa, preterita i perfekta v akkadskom i͡azyke (k istorii voprosa) /</subfield>
         <subfield code="r">Kaplan, G.Kh. --</subfield>
         <subfield code="t">Svi͡azi Nakhichevanskogo krai͡a s Iranskim Azerbaĭdzhanom v kont͡se II: nachale I tysi͡acheletii͡a do n. ė. /</subfield>
         <subfield code="r">Kashkaĭ, C.M. --</subfield>
         <subfield code="t">Nekotorye dannye o chastnom skotovodcheskom khozi͡aĭstve v starovavilonskom gorode Larsa /</subfield>
         <subfield code="r">Kozyreva, N.V. --</subfield>
         <subfield code="t">Byli li nachala materialisticheskogo mirovozzrenii͡a v drevnem Egipte? /</subfield>
         <subfield code="r">Korostovt͡sev, M.A. --</subfield>
         <subfield code="t">K arkheologicheskoĭ identifikat͡sii peredneaziatskikh ariev /</subfield>
         <subfield code="r">Kyrochkin, G.N. --</subfield>
         <subfield code="t">Avestiĭskoe urvāxš.uxti- /</subfield>
         <subfield code="r">Livshit͡s, V.A. --</subfield>
         <subfield code="t">Savbeĭskai͡a grobnichnai͡a nadpis' iz Arkhaba /</subfield>
         <subfield code="r">Lundin, A.G. --</subfield>
         <subfield code="t">K chtenii͡u odnogo mesta v letopisi urartskogo t͡sarii͡a Argishti I /</subfield>
         <subfield code="r">Melikishvili, G.A. --</subfield>
         <subfield code="t">Neizvestnyĭ slovar' malagasiĭskogo i͡azyka XVIII veka /</subfield>
         <subfield code="r">Ol'derogge, D.A. --</subfield>
         <subfield code="t">Ordalii͡a i kli͡atva v sudoproizvodstve doislamskogo Irana /</subfield>
         <subfield code="r">Perikhanii͡an, A.G. --</subfield>
      </datafield>
      <datafield tag="505" ind1="8" ind2="0">
         <subfield code="t">K voprosy o puti͡akh proniknovenii͡a iranoi͡azychnykh plemen v peredni͡ui͡u Azii͡u /</subfield>
         <subfield code="r">P'i͡ankov, I.V. --</subfield>
         <subfield code="t">Upotreblenie predloga 'im v "Blagodarstvennykh gimnakh" i "Ustave" Kumranskoĭ obshchiny /</subfield>
         <subfield code="r">Starkova, K.B. --</subfield>
         <subfield code="t">"Koleni" i "lokti" pamirskogo substrata /</subfield>
         <subfield code="r">Steblin-Kamenskiĭ, I.M. --</subfield>
         <subfield code="t">O dvukh tipakh drevneindiĭskikh tekstov, traktui͡ushchikh otnoshenie t͡selostnosti-raschlenennosti i claseniei͡a /</subfield>
         <subfield code="r">Toporov, V.N. --</subfield>
         <subfield code="t">K voprosu o znachenii ėnkliticheskogo mestoimenii͡a -ny v ugaritskom iazyke /</subfield>
         <subfield code="r">Shifman, I.Sh. --</subfield>
         <subfield code="t">K voprosu o rabstve v Ėlame /</subfield>
         <subfield code="r">I͡usifov, I͡u.B. --</subfield>
         <subfield code="t">Titul šakintu v novoassiriĭskikh tekstakh /</subfield>
         <subfield code="r">I͡akobson, V.A. --</subfield>
         <subfield code="t">"Synov'ia t͡sari͡a" i obshchinnai͡a administrat͡sii͡a v khurritskoĭ Arrapkhe /</subfield>
         <subfield code="r">I͡ankovskaia, N.B.</subfield>
      </datafield>
      <datafield tag="651" ind1=" " ind2="0">
         <subfield code="a">Middle East</subfield>
         <subfield code="x">History</subfield>
         <subfield code="y">To 622.</subfield>
      </datafield>
      <datafield tag="650" ind1=" " ind2="0">
         <subfield code="a">Middle Eastern philology.</subfield>
      </datafield>
      <datafield tag="650" ind1=" " ind2="7">
         <subfield code="a">Middle Eastern philology.</subfield>
         <subfield code="2">fast</subfield>
         <subfield code="0">(OCoLC)fst01020346</subfield>
      </datafield>
      <datafield tag="651" ind1=" " ind2="7">
         <subfield code="a">Middle East.</subfield>
         <subfield code="2">fast</subfield>
         <subfield code="0">(OCoLC)fst01241586</subfield>
      </datafield>
      <datafield tag="648" ind1=" " ind2="7">
         <subfield code="a">To 622</subfield>
         <subfield code="2">fast</subfield>
      </datafield>
      <datafield tag="655" ind1=" " ind2="7">
         <subfield code="a">History.</subfield>
         <subfield code="2">fast</subfield>
         <subfield code="0">(OCoLC)fst01411628</subfield>
      </datafield>
      <datafield tag="796" ind1="1" ind2=" ">
         <subfield code="a">Tadmor, Hayim,</subfield>
         <subfield code="e">former owner.</subfield>
      </datafield>
      <datafield tag="796" ind1="1" ind2=" ">
         <subfield code="a">Tadmor, Miriam,</subfield>
         <subfield code="e">former owner.</subfield>
      </datafield>
      <datafield tag="797" ind1="2" ind2=" ">
         <subfield code="a">Tadmor Collection.</subfield>
      </datafield>
      <datafield tag="700" ind1="1" ind2=" ">
         <subfield code="a">Dandamaev, M. A.</subfield>
      </datafield>
      <datafield tag="700" ind1="1" ind2=" ">
         <subfield code="a">Livshit͡s, V. A.</subfield>
      </datafield>
      <datafield tag="710" ind1="2" ind2=" ">
         <subfield code="a">Institut vostokovedenii͡a (Akademii͡a nauk SSSR)</subfield>
      </datafield>
      <datafield tag="880" ind1="0" ind2="0">
         <subfield code="6">245-01/</subfield>
         <subfield code="a">История и филология стран древнего Востока /</subfield>
         <subfield code="c">[отв. ред. М.А. Дандамаев, В.А. Лившиц].</subfield>
      </datafield>
      <datafield tag="880" ind1=" " ind2=" ">
         <subfield code="6">260-02/</subfield>
         <subfield code="a">Москва :</subfield>
         <subfield code="b">Наука,</subfield>
         <subfield code="c">1979.</subfield>
      </datafield>
      <datafield tag="830" ind1=" " ind2="0">
         <subfield code="a">Peredneaziatskiĭ sbornik ;</subfield>
         <subfield code="v">3.</subfield>
      </datafield>
      <datafield tag="994" ind1=" " ind2=" ">
         <subfield code="a">Z0</subfield>
         <subfield code="b">ZYU</subfield>
      </datafield>
      <datafield tag="OWN" ind1=" " ind2=" ">
         <subfield code="a">GENERAL</subfield>
      </datafield>
      <datafield tag="AVA" ind1=" " ind2=" ">
         <subfield code="a">NYU50</subfield>
         <subfield code="b">NISAW</subfield>
         <subfield code="c">Small Collection</subfield>
         <subfield code="d">DS41 .P4 vol.3</subfield>
         <subfield code="e">available</subfield>
         <subfield code="t">Available</subfield>
         <subfield code="f">1</subfield>
         <subfield code="g">0</subfield>
         <subfield code="h">N</subfield>
         <subfield code="i">0</subfield>
         <subfield code="j">SMALL</subfield>
         <subfield code="k">0</subfield>
      </datafield>
      <marc:datafield tag="852" ind1=" " ind2=" ">
         <marc:subfield code="b">Institute for the Study of the Ancient World, </marc:subfield>
         <marc:subfield code="c">Small Collection</marc:subfield>
         <marc:subfield code="e">15 East 84th St., </marc:subfield>
         <marc:subfield code="e">New York, NY  10028</marc:subfield>
      </marc:datafield>
   </record>