
  
  
  
  
  
  
 
  
  <record xsi:schemaLocation="http://www.loc.gov/MARC21/slim http://www.loc.gov/standards/marcxml/schema/MARC21slim.xsd">
      <leader>00000cam a22      a 4500</leader>
      <controlfield tag="FMT">BK</controlfield>
      <controlfield tag="LDR">00000cam a22      a 4500</controlfield>
      <controlfield tag="001">002297833</controlfield>
      <controlfield tag="005">20150112131458.0</controlfield>
      <controlfield tag="008">040824s1977    ir h     b    001 0 perod</controlfield>
      <datafield tag="035" ind1=" " ind2=" ">
         <subfield code="a">(OCoLC)123340862</subfield>
         <subfield code="z">(OCoLC)23578331</subfield>
         <subfield code="z">(OCoLC)47085378</subfield>
      </datafield>
      <datafield tag="040" ind1=" " ind2=" ">
         <subfield code="a">NjP</subfield>
         <subfield code="b">eng</subfield>
         <subfield code="c">STF</subfield>
         <subfield code="d">CUY</subfield>
         <subfield code="d">OCLCQ</subfield>
         <subfield code="d">OCLCO</subfield>
         <subfield code="d">OCLCF</subfield>
      </datafield>
      <datafield tag="050" ind1=" " ind2="4">
         <subfield code="a">PA6613.P47</subfield>
         <subfield code="b">A83 1977</subfield>
      </datafield>
      <datafield tag="100" ind1="1" ind2=" ">
         <subfield code="6">880-01</subfield>
         <subfield code="a">Asfizārī, Abū Ḥātam Muẓaffar ibn Ismāʻīl,</subfield>
         <subfield code="d">-approximately 1121.</subfield>
      </datafield>
      <datafield tag="245" ind1="1" ind2="0">
         <subfield code="6">880-02</subfield>
         <subfield code="a">Risālah-ʼi ās̲ār-i ʻuluvī /</subfield>
         <subfield code="c">as̲ar-i Abū Ḥātam Muẓaffar ibn Ismāʻīl Asfizārī ; bih taṣḥīḥ va taḥshiyah-i Muḥammad Taqī Mudarris Raz̤avī.</subfield>
      </datafield>
      <datafield tag="246" ind1="3" ind2=" ">
         <subfield code="6">880-03</subfield>
         <subfield code="a">Kāʻināt-i javv</subfield>
      </datafield>
      <datafield tag="260" ind1=" " ind2=" ">
         <subfield code="6">880-04</subfield>
         <subfield code="a">[Tehran] :</subfield>
         <subfield code="b">Bunyād-i Farhang-i Īrān,</subfield>
         <subfield code="c">2536 [1977]</subfield>
      </datafield>
      <datafield tag="300" ind1=" " ind2=" ">
         <subfield code="a">34, 116 pages :</subfield>
         <subfield code="b">facsimiles ;</subfield>
         <subfield code="c">22 cm.</subfield>
      </datafield>
      <datafield tag="336" ind1=" " ind2=" ">
         <subfield code="a">text</subfield>
         <subfield code="b">txt</subfield>
         <subfield code="2">rdacontent</subfield>
      </datafield>
      <datafield tag="337" ind1=" " ind2=" ">
         <subfield code="a">unmediated</subfield>
         <subfield code="b">n</subfield>
         <subfield code="2">rdamedia</subfield>
      </datafield>
      <datafield tag="338" ind1=" " ind2=" ">
         <subfield code="a">volume</subfield>
         <subfield code="b">nc</subfield>
         <subfield code="2">rdacarrier</subfield>
      </datafield>
      <datafield tag="490" ind1="1" ind2=" ">
         <subfield code="6">880-05</subfield>
         <subfield code="a">Intishārāt-i Bunyād-i Farhang-i Īrān ;</subfield>
         <subfield code="v">264.</subfield>
         <subfield code="a">ʻIlm dar Īrān ;</subfield>
         <subfield code="v">21</subfield>
      </datafield>
      <datafield tag="500" ind1=" " ind2=" ">
         <subfield code="a">"Taʻlīf shudah dar avākhir-i qarn-i panjum-i Hijrī."</subfield>
      </datafield>
      <datafield tag="500" ind1=" " ind2=" ">
         <subfield code="a">Also known as: Kāʼināt-i javv.</subfield>
      </datafield>
      <datafield tag="500" ind1=" " ind2=" ">
         <subfield code="a">In Persian.</subfield>
      </datafield>
      <datafield tag="504" ind1=" " ind2=" ">
         <subfield code="a">Includes bibliographical references and indexes.</subfield>
      </datafield>
      <datafield tag="650" ind1=" " ind2="0">
         <subfield code="a">Natural history</subfield>
         <subfield code="v">Pre-Linnean works.</subfield>
      </datafield>
      <datafield tag="650" ind1=" " ind2="7">
         <subfield code="a">Natural history.</subfield>
         <subfield code="2">fast</subfield>
         <subfield code="0">(OCoLC)fst01034268</subfield>
      </datafield>
      <datafield tag="655" ind1=" " ind2="7">
         <subfield code="a">Early works.</subfield>
         <subfield code="2">fast</subfield>
         <subfield code="0">(OCoLC)fst01411636</subfield>
      </datafield>
      <datafield tag="700" ind1="1" ind2=" ">
         <subfield code="6">880-06</subfield>
         <subfield code="a">Mudarris Raz̤avī, Muḥammad Taqī.</subfield>
      </datafield>
      <datafield tag="776" ind1="0" ind2="8">
         <subfield code="i">Online version:</subfield>
         <subfield code="a">Asfizārī, Abū Ḥātam Muẓaffar ibn Ismāʻīl, -approximately 1121.</subfield>
         <subfield code="t">Risālah-ʼi ās̲ār-i ʻuluvī.</subfield>
         <subfield code="d">[Tehran] : Bunyād-i Farhang-i Īrān, 2536 [1977]</subfield>
         <subfield code="w">(OCoLC)592061305</subfield>
      </datafield>
      <datafield tag="776" ind1="0" ind2="8">
         <subfield code="i">Online version:</subfield>
         <subfield code="a">Asfizārī, Abū Ḥātam Muẓaffar ibn Ismāʻīl, -approximately 1121.</subfield>
         <subfield code="t">Risālah-ʼi ās̲ār-i ʻuluvī.</subfield>
         <subfield code="d">[Tehran] : Bunyād-i Farhang-i Īrān, 2536 [1977]</subfield>
         <subfield code="w">(OCoLC)609485788</subfield>
      </datafield>
      <datafield tag="880" ind1="0" ind2=" ">
         <subfield code="6">100-01/</subfield>
         <subfield code="a">ابو حاتم مظفر بن اسماعيل اسفزارى.</subfield>
      </datafield>
      <datafield tag="880" ind1="1" ind2="0">
         <subfield code="6">245-02/</subfield>
         <subfield code="a">رسالۀ آثار علوى /</subfield>
         <subfield code="c">اثار ابو حاتم مظفر بن اسماعيل اسفزارى ؛ به تصحيح و بحشيه محمد تقى مدرس رضوى.</subfield>
      </datafield>
      <datafield tag="880" ind1="3" ind2=" ">
         <subfield code="6">246-03/</subfield>
         <subfield code="a">كائنات جو</subfield>
      </datafield>
      <datafield tag="880" ind1=" " ind2=" ">
         <subfield code="6">260-04/</subfield>
         <subfield code="a">[Tehran] :</subfield>
         <subfield code="b">بنياد فرهنگ ايران،</subfield>
         <subfield code="c">٢٥٣٦</subfield>
      </datafield>
      <datafield tag="880" ind1="1" ind2=" ">
         <subfield code="6">490-05/</subfield>
         <subfield code="a">انتشارات بنياد فرهنگ ايران ؛</subfield>
         <subfield code="a">علم در ايران ؛</subfield>
         <subfield code="v">٢٦٤.</subfield>
         <subfield code="v">٢١</subfield>
      </datafield>
      <datafield tag="880" ind1="1" ind2=" ">
         <subfield code="6">700-06/</subfield>
         <subfield code="a">مدرس رضوى، محمد تقى.</subfield>
      </datafield>
      <datafield tag="830" ind1=" " ind2="0">
         <subfield code="a">Intishārāt-i Bunyād-i Farhang-i Īrān ;</subfield>
         <subfield code="v">264.</subfield>
      </datafield>
      <datafield tag="830" ind1=" " ind2="0">
         <subfield code="a">Intishārāt-i Bunyād-i Farhang-i Īrān.</subfield>
         <subfield code="p">ʻIlm dar Īrān ;</subfield>
         <subfield code="v">21.</subfield>
      </datafield>
      <datafield tag="OWN" ind1=" " ind2=" ">
         <subfield code="a">GENERAL</subfield>
      </datafield>
      <datafield tag="AVA" ind1=" " ind2=" ">
         <subfield code="a">NYU50</subfield>
         <subfield code="b">BOBST</subfield>
         <subfield code="c">Main Collection</subfield>
         <subfield code="d">PA6613.P47 A83 1977</subfield>
         <subfield code="e">unavailable</subfield>
         <subfield code="t">Unavailable</subfield>
         <subfield code="f">1</subfield>
         <subfield code="g">1</subfield>
         <subfield code="h">N</subfield>
         <subfield code="i">0</subfield>
         <subfield code="j">MAIN</subfield>
         <subfield code="k">0</subfield>
      </datafield>
      <datafield tag="AVA" ind1=" " ind2=" ">
         <subfield code="a">NYU50</subfield>
         <subfield code="b">NISAW</subfield>
         <subfield code="c">Small Collection</subfield>
         <subfield code="d">PA6613.P47 A83 1977</subfield>
         <subfield code="e">available</subfield>
         <subfield code="t">Available</subfield>
         <subfield code="f">1</subfield>
         <subfield code="g">0</subfield>
         <subfield code="h">N</subfield>
         <subfield code="i">0</subfield>
         <subfield code="j">SMALL</subfield>
         <subfield code="k">0</subfield>
      </datafield>
      <marc:datafield tag="852" ind1=" " ind2=" ">
         <marc:subfield code="b">Institute for the Study of the Ancient World, </marc:subfield>
         <marc:subfield code="c">Small Collection</marc:subfield>
         <marc:subfield code="e">15 East 84th St., </marc:subfield>
         <marc:subfield code="e">New York, NY  10028</marc:subfield>
      </marc:datafield>
   </record>