
  
  
  
  
  
  
 
  
  <record xsi:schemaLocation="http://www.loc.gov/MARC21/slim http://www.loc.gov/standards/marcxml/schema/MARC21slim.xsd">
      <leader>00000cam  2200613 i 4500</leader>
      <controlfield tag="FMT">BK</controlfield>
      <controlfield tag="LDR">00000cam  2200613 i 4500</controlfield>
      <controlfield tag="001">004091654</controlfield>
      <controlfield tag="003">OCoLC</controlfield>
      <controlfield tag="005">20150113163309.0</controlfield>
      <controlfield tag="008">150113s2014    ch a     b    100 0 chi d</controlfield>
      <datafield tag="020" ind1=" " ind2=" ">
         <subfield code="a">9789866660290</subfield>
      </datafield>
      <datafield tag="020" ind1=" " ind2=" ">
         <subfield code="a">986666029X</subfield>
      </datafield>
      <datafield tag="035" ind1=" " ind2=" ">
         <subfield code="a">(OCoLC)883712788</subfield>
      </datafield>
      <datafield tag="040" ind1=" " ind2=" ">
         <subfield code="a">SINTU</subfield>
         <subfield code="b">eng</subfield>
         <subfield code="e">rda</subfield>
         <subfield code="c">SINTU</subfield>
         <subfield code="d">OCLCQ</subfield>
         <subfield code="d">TEF</subfield>
         <subfield code="d">YUS</subfield>
         <subfield code="d">NNU</subfield>
      </datafield>
      <datafield tag="041" ind1="0" ind2=" ">
         <subfield code="a">chi</subfield>
         <subfield code="b">eng</subfield>
      </datafield>
      <datafield tag="043" ind1=" " ind2=" ">
         <subfield code="a">a-cc---</subfield>
      </datafield>
      <datafield tag="050" ind1=" " ind2="4">
         <subfield code="a">N7343.3</subfield>
         <subfield code="b">.Y527 2012</subfield>
      </datafield>
      <datafield tag="066" ind1=" " ind2=" ">
         <subfield code="c">$1</subfield>
      </datafield>
      <datafield tag="111" ind1="2" ind2=" ">
         <subfield code="6">880-01</subfield>
         <subfield code="a">"Yi shu shi zhong de Han Jin yu Tang Song zhuan zhe" guo ji xue shu yan tao hui</subfield>
         <subfield code="d">(2012 :</subfield>
         <subfield code="c">Zhong yang yan jiu yuan li shi yu yan yan jiu suo)</subfield>
      </datafield>
      <datafield tag="245" ind1="1" ind2="0">
         <subfield code="6">880-02</subfield>
         <subfield code="a">Yi shu shi zhong de Han Jin yu Tang Song zhi bian /</subfield>
         <subfield code="c">Shi Shouqian, Yan Juanying zhu bian.</subfield>
      </datafield>
      <datafield tag="246" ind1="3" ind2="0">
         <subfield code="6">880-03</subfield>
         <subfield code="a">Han Jin yu Tang Song zhi bian</subfield>
      </datafield>
      <datafield tag="250" ind1=" " ind2=" ">
         <subfield code="6">880-04</subfield>
         <subfield code="a">Chu ban.</subfield>
      </datafield>
      <datafield tag="264" ind1=" " ind2="1">
         <subfield code="6">880-05</subfield>
         <subfield code="a">Taibei Shi :</subfield>
         <subfield code="b">Shi tou chu ban gu fen you xian gong si,</subfield>
         <subfield code="c">2014.</subfield>
      </datafield>
      <datafield tag="300" ind1=" " ind2=" ">
         <subfield code="a">463 pages :</subfield>
         <subfield code="b">illustrations (some color) ;</subfield>
         <subfield code="c">26 cm</subfield>
      </datafield>
      <datafield tag="336" ind1=" " ind2=" ">
         <subfield code="a">text</subfield>
         <subfield code="b">txt</subfield>
         <subfield code="2">rdacontent</subfield>
      </datafield>
      <datafield tag="337" ind1=" " ind2=" ">
         <subfield code="a">unmediated</subfield>
         <subfield code="b">n</subfield>
         <subfield code="2">rdamedia</subfield>
      </datafield>
      <datafield tag="338" ind1=" " ind2=" ">
         <subfield code="a">volume</subfield>
         <subfield code="b">nc</subfield>
         <subfield code="2">rdacarrier</subfield>
      </datafield>
      <datafield tag="504" ind1=" " ind2=" ">
         <subfield code="a">Includes bibliographical references.</subfield>
      </datafield>
      <datafield tag="546" ind1=" " ind2=" ">
         <subfield code="a">Text in Chinese with abstracts in English.</subfield>
      </datafield>
      <datafield tag="500" ind1=" " ind2=" ">
         <subfield code="6">880-06</subfield>
         <subfield code="a">"Ben lun wen ji wei 2012 nian 6 yue 25 zhi 26 ri Zhong yang yan jiu yuan li shi yu yan yan jiu suo ju ban zhi 'Yi shu shi zhong de Han Jin yu Tang Song zhuan zhe' guo ji xue shu yan tao hui zhi cheng guo ji jie er cheng"--Frong cover flap.</subfield>
      </datafield>
      <datafield tag="505" ind1="0" ind2="0">
         <subfield code="6">880-07</subfield>
         <subfield code="t">Dao lun cong zhui qiu shen xian dao fo tu shi jie : Han Tang zhi ji tu xiang de bian qian /</subfield>
         <subfield code="r">Yan Juanying --</subfield>
         <subfield code="t">Dao lun "hui hua" de jue xing : Tang Song jian tu xiang chen xiang fang shi de xin fa zhan /</subfield>
         <subfield code="r">Shi Shouqian --</subfield>
         <subfield code="t">Xian ma, tian ma yu che ma : Han jing wen shi liu bian shi yi /</subfield>
         <subfield code="r">Zeng Lanying --</subfield>
         <subfield code="t">Han Jin zhi jian he gui shu de shan bian he gui shen hua de yuan liu /</subfield>
         <subfield code="r">Lai Guolong --</subfield>
         <subfield code="t">Tulufan Tuyugou shi ku kao gu xin fa xian：shi lun wu shi ji Gaochang fo jiao tu xiang /</subfield>
         <subfield code="r">Li Yuqun --</subfield>
         <subfield code="t">You mu que dao fu tu：Sichuan Mianyang Pingyangfu jun que yan jiu /</subfield>
         <subfield code="r">Lin Shengzhi --</subfield>
         <subfield code="t">Yun qi wen de jin hua yu yi yi /</subfield>
         <subfield code="r">Feitianlumei --</subfield>
         <subfield code="t">Qi, ba shi ji Guanyin zao xiang de fan yan /</subfield>
         <subfield code="r">Wang Jingfen --</subfield>
         <subfield code="t">Yi zi fo ding lun wang yu shi sheng guang fo：fo jiao xin xiu xin yang tu xiang de Tang Song zhi bian /</subfield>
         <subfield code="r">Lai Yiman --</subfield>
         <subfield code="t">Fu yuan Tang dai hui hua zhi yan jiu：yi ping feng bi hua wei jiao dian /</subfield>
         <subfield code="r">Bancangshengzhe --</subfield>
         <subfield code="t">Tang dai hu fa shen shi zhen mu yong shi xi /</subfield>
         <subfield code="r">Li Xingming --</subfield>
         <subfield code="t">Mu zhu xiang yu Tang Song mu zang feng qi zhi bian：yi Wu dai Shi guo shi qi de kao gu fa xian wei zhong xin /</subfield>
         <subfield code="r">Li Qingquan --</subfield>
         <subfield code="t">Ba zhi shi yi shi ji de hua niao hua zhi bian /</subfield>
         <subfield code="r">Chen Yunru --</subfield>
         <subfield code="t">Tang Song shi qi fo jiao ban hua zhong suo jian de mei jie zhuan hua zi mo she ji /</subfield>
         <subfield code="r">Huang Shishan.</subfield>
      </datafield>
      <datafield tag="650" ind1=" " ind2="0">
         <subfield code="a">Buddhist art</subfield>
         <subfield code="z">China</subfield>
         <subfield code="x">History</subfield>
         <subfield code="v">Congresses.</subfield>
      </datafield>
      <datafield tag="650" ind1=" " ind2="0">
         <subfield code="a">Art, Chinese</subfield>
         <subfield code="v">Congresses.</subfield>
      </datafield>
      <datafield tag="650" ind1=" " ind2="7">
         <subfield code="a">Art, Chinese.</subfield>
         <subfield code="2">fast</subfield>
         <subfield code="0">(OCoLC)fst00816103</subfield>
      </datafield>
      <datafield tag="650" ind1=" " ind2="7">
         <subfield code="a">Buddhist art.</subfield>
         <subfield code="2">fast</subfield>
         <subfield code="0">(OCoLC)fst01727577</subfield>
      </datafield>
      <datafield tag="651" ind1=" " ind2="7">
         <subfield code="a">China.</subfield>
         <subfield code="2">fast</subfield>
         <subfield code="0">(OCoLC)fst01206073</subfield>
      </datafield>
      <datafield tag="655" ind1=" " ind2="7">
         <subfield code="a">Conference proceedings.</subfield>
         <subfield code="2">fast</subfield>
         <subfield code="0">(OCoLC)fst01423772</subfield>
      </datafield>
      <datafield tag="655" ind1=" " ind2="7">
         <subfield code="a">History</subfield>
         <subfield code="2">fast</subfield>
         <subfield code="0">(OCoLC)fst01411628</subfield>
      </datafield>
      <datafield tag="700" ind1="1" ind2=" ">
         <subfield code="a">Shi, Shouqian</subfield>
         <subfield code="6">880-08</subfield>
         <subfield code="e">editor.</subfield>
      </datafield>
      <datafield tag="700" ind1="1" ind2=" ">
         <subfield code="a">Yan, Juanying</subfield>
         <subfield code="6">880-09</subfield>
         <subfield code="e">editor.</subfield>
      </datafield>
      <datafield tag="700" ind1="1" ind2=" ">
         <subfield code="6">880-10</subfield>
         <subfield code="a">Tseng, Lillian Lan-ying</subfield>
      </datafield>
      <datafield tag="880" ind1="2" ind2=" ">
         <subfield code="6">111-01/</subfield>
         <subfield code="a">「藝術史中的漢晋與唐宋轉折」國際學術研討會</subfield>
         <subfield code="d">(2012 :</subfield>
         <subfield code="c">中央研究院歷史語言研究所)</subfield>
      </datafield>
      <datafield tag="880" ind1="1" ind2="0">
         <subfield code="6">245-02/</subfield>
         <subfield code="a">藝術史中的漢晋與唐宋之變 /</subfield>
         <subfield code="c">石守謙, 顏娟英主編.</subfield>
      </datafield>
      <datafield tag="880" ind1="3" ind2="0">
         <subfield code="6">246-03/</subfield>
         <subfield code="a">漢晋與唐宋之變</subfield>
      </datafield>
      <datafield tag="880" ind1=" " ind2=" ">
         <subfield code="6">250-04/</subfield>
         <subfield code="a">初版.</subfield>
      </datafield>
      <datafield tag="880" ind1=" " ind2="1">
         <subfield code="6">264-05/</subfield>
         <subfield code="a">台北市 :</subfield>
         <subfield code="b">石頭出版股份有限公司,</subfield>
         <subfield code="c">2014.</subfield>
      </datafield>
      <datafield tag="880" ind1=" " ind2=" ">
         <subfield code="6">500-06/</subfield>
         <subfield code="a">"本論文集為2012年6月25至26日中央研究院歷史語言研究所舉辦之「藝術史中的漢晋與唐宋轉折」國際學術研討會之成果集結而成"--Front cover flap.</subfield>
      </datafield>
      <datafield tag="880" ind1="0" ind2="0">
         <subfield code="6">505-07/</subfield>
         <subfield code="t">導論從追求神仙到佛土世界：漢唐之際圖像的變遷 /</subfield>
         <subfield code="r">顏娟英 --</subfield>
         <subfield code="t">導論“繪畫”的覺醒：唐宋間圖像呈現方式的新發展 /</subfield>
         <subfield code="r">石守謙 --</subfield>
         <subfield code="t">仙馬，天馬與車馬：漢鏡紋飾流變拾遺 /</subfield>
         <subfield code="r">曾藍瑩 --</subfield>
         <subfield code="t">漢晉之間劾鬼術的嬗變和鬼神畫的源流 /</subfield>
         <subfield code="r">來國龍 --</subfield>
         <subfield code="t">吐魯番吐峪溝石窟考古新發現：試論五世紀高昌佛教圖像 /</subfield>
         <subfield code="r">李裕群 --</subfield>
         <subfield code="t">由墓闕到浮圖：四川綿陽平楊府君闕研究 /</subfield>
         <subfield code="r">林聖智 --</subfield>
         <subfield code="t">雲氣紋的進化與意義 /</subfield>
         <subfield code="r">肥田路美 --</subfield>
         <subfield code="t">七，八世紀觀音造像的繁衍 /</subfield>
         <subfield code="r">王靜芬 --</subfield>
         <subfield code="t">一字佛頂輪王與熾盛光佛：佛教星宿信仰圖像的唐宋之變 /</subfield>
         <subfield code="r">賴依縵 --</subfield>
         <subfield code="t">復原唐代繪畫之研究：以屏風壁畫爲焦點 /</subfield>
         <subfield code="r">板倉聖哲 --</subfield>
         <subfield code="t">唐代護法神式鎮墓俑試析 /</subfield>
         <subfield code="r">李星明 --</subfield>
         <subfield code="t">墓主像與唐宋墓葬風氣之變：以五代十國時期的考古發現爲中心 /</subfield>
         <subfield code="r">李清泉 --</subfield>
         <subfield code="t">八至十一世紀的花鳥畫之變 /</subfield>
         <subfield code="r">陳韻如 --</subfield>
         <subfield code="t">唐宋時期佛教版畫中所見的媒介轉化與子模設計 /</subfield>
         <subfield code="r">黃士珊.</subfield>
      </datafield>
      <datafield tag="880" ind1="1" ind2=" ">
         <subfield code="6">700-08/</subfield>
         <subfield code="a">石守謙,</subfield>
         <subfield code="e">editor.</subfield>
      </datafield>
      <datafield tag="880" ind1="1" ind2=" ">
         <subfield code="6">700-09/</subfield>
         <subfield code="a">顏娟英,</subfield>
         <subfield code="e">editor.</subfield>
      </datafield>
      <datafield tag="880" ind1="1" ind2=" ">
         <subfield code="6">700-10/</subfield>
         <subfield code="a">曾藍瑩,</subfield>
      </datafield>
      <datafield tag="994" ind1=" " ind2=" ">
         <subfield code="a">Z0</subfield>
         <subfield code="b">ZYU</subfield>
      </datafield>
      <datafield tag="OWN" ind1=" " ind2=" ">
         <subfield code="a">GENERAL</subfield>
      </datafield>
      <datafield tag="AVA" ind1=" " ind2=" ">
         <subfield code="a">NYU50</subfield>
         <subfield code="b">NISAW</subfield>
         <subfield code="c">Small Collection</subfield>
         <subfield code="d">N7343.3 .Y527 2012</subfield>
         <subfield code="e">available</subfield>
         <subfield code="t">Available</subfield>
         <subfield code="f">1</subfield>
         <subfield code="g">0</subfield>
         <subfield code="h">N</subfield>
         <subfield code="i">0</subfield>
         <subfield code="j">SMALL</subfield>
         <subfield code="k">0</subfield>
      </datafield>
      <marc:datafield tag="852" ind1=" " ind2=" ">
         <marc:subfield code="b">Institute for the Study of the Ancient World, </marc:subfield>
         <marc:subfield code="c">Small Collection</marc:subfield>
         <marc:subfield code="e">15 East 84th St., </marc:subfield>
         <marc:subfield code="e">New York, NY  10028</marc:subfield>
      </marc:datafield>
   </record>