
  
  
  
  
  
 
  
  <record xsi:schemaLocation="http://www.loc.gov/MARC21/slim http://www.loc.gov/standards/marcxml/schema/MARC21slim.xsd">
      <leader>00000cam  2200793 a 4500</leader>
      <controlfield tag="FMT">BK</controlfield>
      <controlfield tag="LDR">00000cam  2200793 a 4500</controlfield>
      <controlfield tag="001">004091633</controlfield>
      <controlfield tag="003">OCoLC</controlfield>
      <controlfield tag="005">20150113151314.0</controlfield>
      <controlfield tag="008">150113s2007    ch ab    b    101 0 chi d</controlfield>
      <datafield tag="010" ind1=" " ind2=" ">
         <subfield code="a">2008438739</subfield>
      </datafield>
      <datafield tag="020" ind1=" " ind2=" ">
         <subfield code="a">9789860107593</subfield>
      </datafield>
      <datafield tag="020" ind1=" " ind2=" ">
         <subfield code="a">9860107599</subfield>
      </datafield>
      <datafield tag="035" ind1=" " ind2=" ">
         <subfield code="a">(OCoLC)184968490</subfield>
      </datafield>
      <datafield tag="040" ind1=" " ind2=" ">
         <subfield code="a">HNK</subfield>
         <subfield code="b">eng</subfield>
         <subfield code="c">HNK</subfield>
         <subfield code="d">DLC</subfield>
         <subfield code="d">SINLB</subfield>
         <subfield code="d">DEBBG</subfield>
         <subfield code="d">LGG</subfield>
         <subfield code="d">OCLCF</subfield>
         <subfield code="d">OCLCO</subfield>
         <subfield code="d">NNU</subfield>
      </datafield>
      <datafield tag="042" ind1=" " ind2=" ">
         <subfield code="a">lccopycat</subfield>
      </datafield>
      <datafield tag="043" ind1=" " ind2=" ">
         <subfield code="a">ae-----</subfield>
         <subfield code="a">a-cc---</subfield>
      </datafield>
      <datafield tag="050" ind1="0" ind2="0">
         <subfield code="a">DS740</subfield>
         <subfield code="b">.D66 2004</subfield>
      </datafield>
      <datafield tag="066" ind1=" " ind2=" ">
         <subfield code="c">$1</subfield>
      </datafield>
      <datafield tag="082" ind1="0" ind2="4">
         <subfield code="a">320.951</subfield>
         <subfield code="2">22</subfield>
      </datafield>
      <datafield tag="111" ind1="2" ind2=" ">
         <subfield code="a">Dong Ya li shi shang de tian xia yu Zhongguo gai nian yan tao hui</subfield>
         <subfield code="d">(2004 :</subfield>
         <subfield code="c">Taiwan da xue Dong Ya wen ming yan jiu zhong xin)</subfield>
         <subfield code="6">880-01</subfield>
      </datafield>
      <datafield tag="245" ind1="1" ind2="0">
         <subfield code="6">880-02</subfield>
         <subfield code="a">Dong Ya li shi shang de tian xia yu Zhongguo gai nian /</subfield>
         <subfield code="c">Gan Huaizhen bian.</subfield>
      </datafield>
      <datafield tag="250" ind1=" " ind2=" ">
         <subfield code="6">880-03</subfield>
         <subfield code="a">Chu ban.</subfield>
      </datafield>
      <datafield tag="260" ind1=" " ind2=" ">
         <subfield code="6">880-04</subfield>
         <subfield code="a">Taibei Shi :</subfield>
         <subfield code="b">Tai da chu ban zhong xin,</subfield>
         <subfield code="c">2007.</subfield>
      </datafield>
      <datafield tag="300" ind1=" " ind2=" ">
         <subfield code="a">4, 357 p. :</subfield>
         <subfield code="b">ill., maps ;</subfield>
         <subfield code="c">22 cm.</subfield>
      </datafield>
      <datafield tag="490" ind1="1" ind2=" ">
         <subfield code="6">880-05</subfield>
         <subfield code="a">Dong Ya wen ming yan jiu cong shu ;</subfield>
         <subfield code="v">62</subfield>
      </datafield>
      <datafield tag="500" ind1=" " ind2=" ">
         <subfield code="a">Proceedings of "Dong Ya li shi shang de tian xia yu Zhongguo gai nian yan tao hui", held Nov. 2004 at Taiwan da xue Dong Ya wen ming yan jiu zhong xin.</subfield>
      </datafield>
      <datafield tag="504" ind1=" " ind2=" ">
         <subfield code="a">Includes bibliographical references and indexes (p. [345]-357).</subfield>
      </datafield>
      <datafield tag="505" ind1="0" ind2="0">
         <subfield code="6">880-06</subfield>
         <subfield code="t">Dao lun : chong xin si kao Dong Ya wang quan yu shi jie guan /</subfield>
         <subfield code="r">Gan Huazhen --</subfield>
         <subfield code="t">Zhan Guo shi dai de tian xia yu qi xia de Zhongguo, Xi deng te bie ling yu /</subfield>
         <subfield code="r">Pingshilonglang --</subfield>
         <subfield code="t">Qin Han de tian xia zheng ti：yi jiao si li gai ge wei zhong xin /</subfield>
         <subfield code="r">Gan Huaizhen --</subfield>
         <subfield code="t">Di guo zhi xu yu zu quan xiang xiang /</subfield>
         <subfield code="r">Wang Jianwen --</subfield>
         <subfield code="t">Xing zhan, fen ye yu jiang jie：cong “Wu xing chu dong fang li Zhongguo” tan qi /</subfield>
         <subfield code="r">Tseng Lan-ying --</subfield>
         <subfield code="t">Zuo wei si xiang shi de Gu yu tu /</subfield>
         <subfield code="r">Ge Zhaoguang --</subfield>
         <subfield code="t">Zhi min yu jie zhu wen hua zhuan yi：yi ba si qi nian Taiwan “Fan di” zhu quan lun zheng de zai si kao /</subfield>
         <subfield code="r">Zhang Longzhi --</subfield>
         <subfield code="t">Riben Dong Ya kao gu xue zhi xing cheng yu Zhongguo jin xian dai xue shu zhi xing qi /</subfield>
         <subfield code="r">Jikaijiangren --</subfield>
         <subfield code="t">Lun Zhongguo jing dian zhong “Zhongguo” gai nian de han yi ji qi zai jin shi Riben yu xian dai Taiwan de zhuan hua /</subfield>
         <subfield code="r">Huang Junjie.</subfield>
      </datafield>
      <datafield tag="651" ind1=" " ind2="0">
         <subfield code="a">China</subfield>
         <subfield code="x">Politics and government</subfield>
         <subfield code="v">Congresses.</subfield>
      </datafield>
      <datafield tag="651" ind1=" " ind2="0">
         <subfield code="a">China</subfield>
         <subfield code="x">Boundaries</subfield>
         <subfield code="v">Congresses.</subfield>
      </datafield>
      <datafield tag="651" ind1=" " ind2="0">
         <subfield code="a">East Asia</subfield>
         <subfield code="x">Politics and government</subfield>
         <subfield code="v">Congresses.</subfield>
      </datafield>
      <datafield tag="651" ind1=" " ind2="0">
         <subfield code="a">East Asia</subfield>
         <subfield code="x">History</subfield>
         <subfield code="v">Congresses.</subfield>
      </datafield>
      <datafield tag="650" ind1="0" ind2="7">
         <subfield code="a">Abgrenzung.</subfield>
         <subfield code="2">swd</subfield>
      </datafield>
      <datafield tag="650" ind1="0" ind2="7">
         <subfield code="a">Politik.</subfield>
         <subfield code="2">swd</subfield>
      </datafield>
      <datafield tag="650" ind1="0" ind2="7">
         <subfield code="a">Staat.</subfield>
         <subfield code="2">swd</subfield>
      </datafield>
      <datafield tag="651" ind1=" " ind2="7">
         <subfield code="a">China.</subfield>
         <subfield code="2">swd</subfield>
      </datafield>
      <datafield tag="651" ind1=" " ind2="7">
         <subfield code="a">Ostasien.</subfield>
         <subfield code="2">swd</subfield>
      </datafield>
      <datafield tag="650" ind1=" " ind2="7">
         <subfield code="a">Boundaries.</subfield>
         <subfield code="2">fast</subfield>
         <subfield code="0">(OCoLC)fst00837076</subfield>
      </datafield>
      <datafield tag="650" ind1=" " ind2="7">
         <subfield code="a">Political science.</subfield>
         <subfield code="2">fast</subfield>
         <subfield code="0">(OCoLC)fst01069781</subfield>
      </datafield>
      <datafield tag="651" ind1=" " ind2="7">
         <subfield code="a">China.</subfield>
         <subfield code="2">fast</subfield>
         <subfield code="0">(OCoLC)fst01206073</subfield>
      </datafield>
      <datafield tag="651" ind1=" " ind2="7">
         <subfield code="a">East Asia.</subfield>
         <subfield code="2">fast</subfield>
         <subfield code="0">(OCoLC)fst01243628</subfield>
      </datafield>
      <datafield tag="648" ind1=" " ind2="7">
         <subfield code="a">Geschichte.</subfield>
         <subfield code="2">swd</subfield>
      </datafield>
      <datafield tag="655" ind1=" " ind2="7">
         <subfield code="a">Kongress.</subfield>
         <subfield code="2">swd</subfield>
      </datafield>
      <datafield tag="655" ind1=" " ind2="7">
         <subfield code="a">Taipeh (2004)</subfield>
         <subfield code="2">swd</subfield>
      </datafield>
      <datafield tag="655" ind1=" " ind2="7">
         <subfield code="a">Conference proceedings.</subfield>
         <subfield code="2">fast</subfield>
         <subfield code="0">(OCoLC)fst01423772</subfield>
      </datafield>
      <datafield tag="655" ind1=" " ind2="7">
         <subfield code="a">History.</subfield>
         <subfield code="2">fast</subfield>
         <subfield code="0">(OCoLC)fst01411628</subfield>
      </datafield>
      <datafield tag="700" ind1="1" ind2=" ">
         <subfield code="a">Gan, Huaizhen,</subfield>
         <subfield code="d">1963-</subfield>
         <subfield code="6">880-07</subfield>
      </datafield>
      <datafield tag="700" ind1="1" ind2=" ">
         <subfield code="6">880-08</subfield>
         <subfield code="a">Tseng, Lillian Lan-ying</subfield>
      </datafield>
      <datafield tag="880" ind1="2" ind2=" ">
         <subfield code="6">111-01/</subfield>
         <subfield code="a">東亞歷史上的天下與中國概念研討會</subfield>
         <subfield code="d">(2004 :</subfield>
         <subfield code="c">Taiwan da xue Dong Ya wen ming yan jiu zhong xin)</subfield>
      </datafield>
      <datafield tag="880" ind1="1" ind2="0">
         <subfield code="6">245-02/</subfield>
         <subfield code="a">東亞歷史上的天下與中國概念 /</subfield>
         <subfield code="c">甘懷真編.</subfield>
      </datafield>
      <datafield tag="880" ind1=" " ind2=" ">
         <subfield code="6">250-03/</subfield>
         <subfield code="a">初版.</subfield>
      </datafield>
      <datafield tag="880" ind1=" " ind2=" ">
         <subfield code="6">260-04/</subfield>
         <subfield code="a">臺北市 :</subfield>
         <subfield code="b">臺大出版中心,</subfield>
         <subfield code="c">2007.</subfield>
      </datafield>
      <datafield tag="880" ind1="1" ind2=" ">
         <subfield code="6">490-05/</subfield>
         <subfield code="a">東亞文明研究叢書 ;</subfield>
         <subfield code="v">62</subfield>
      </datafield>
      <datafield tag="880" ind1="0" ind2="0">
         <subfield code="6">505-06/</subfield>
         <subfield code="t">導論: 重新思考東亞王權與世界觀 /</subfield>
         <subfield code="r">甘懷真 --</subfield>
         <subfield code="t">戰國時代的天下與其下的中國，夏等特別領域 /</subfield>
         <subfield code="r">平勢隆郎 --</subfield>
         <subfield code="t">秦漢的天下政體：以郊祀禮改革爲中心 /</subfield>
         <subfield code="r">甘懷真 --</subfield>
         <subfield code="t">帝國秩序與族群想象 /</subfield>
         <subfield code="r">王健文 --</subfield>
         <subfield code="t">星占，分野與疆界：從“五星出東方利中國”談起 /</subfield>
         <subfield code="r">曾藍瑩 --</subfield>
         <subfield code="t">作爲思想史的古輿圖 /</subfield>
         <subfield code="r">葛兆光 --</subfield>
         <subfield code="t">殖民接觸與文化轉譯：一八四七年臺灣“番地”主權論爭的再思考 /</subfield>
         <subfield code="r">張隆志 --</subfield>
         <subfield code="t">日本東亞考古學之形成與中國近現代學術之興起 /</subfield>
         <subfield code="r">吉開將人 --</subfield>
         <subfield code="t">論中國經典中“中國”概念的涵義及其在進世日本與現代臺灣的轉化 /</subfield>
         <subfield code="r">黃俊傑.</subfield>
      </datafield>
      <datafield tag="880" ind1="1" ind2=" ">
         <subfield code="6">700-07/</subfield>
         <subfield code="a">甘懷真,</subfield>
         <subfield code="d">1963-</subfield>
      </datafield>
      <datafield tag="880" ind1="1" ind2=" ">
         <subfield code="6">700-08/</subfield>
         <subfield code="a">曾藍瑩,</subfield>
      </datafield>
      <datafield tag="830" ind1=" " ind2="0">
         <subfield code="a">Dong Ya wen ming yan jiu cong shu</subfield>
         <subfield code="6">880-09</subfield>
         <subfield code="v">62.</subfield>
      </datafield>
      <datafield tag="880" ind1=" " ind2="0">
         <subfield code="6">830-09/</subfield>
         <subfield code="a">東亞文明研究叢書 ;</subfield>
         <subfield code="v">62</subfield>
      </datafield>
      <datafield tag="994" ind1=" " ind2=" ">
         <subfield code="a">Z0</subfield>
         <subfield code="b">ZYU</subfield>
      </datafield>
      <datafield tag="OWN" ind1=" " ind2=" ">
         <subfield code="a">GENERAL</subfield>
      </datafield>
      <datafield tag="AVA" ind1=" " ind2=" ">
         <subfield code="a">NYU50</subfield>
         <subfield code="b">NISAW</subfield>
         <subfield code="c">Small Collection</subfield>
         <subfield code="d">DS740 .D66 2004</subfield>
         <subfield code="e">available</subfield>
         <subfield code="t">Available</subfield>
         <subfield code="f">1</subfield>
         <subfield code="g">0</subfield>
         <subfield code="h">N</subfield>
         <subfield code="i">0</subfield>
         <subfield code="j">SMALL</subfield>
         <subfield code="k">0</subfield>
      </datafield>
      <marc:datafield tag="852" ind1=" " ind2=" ">
         <marc:subfield code="b">Institute for the Study of the Ancient World, </marc:subfield>
         <marc:subfield code="c">Small Collection</marc:subfield>
         <marc:subfield code="e">15 East 84th St., </marc:subfield>
         <marc:subfield code="e">New York, NY  10028</marc:subfield>
      </marc:datafield>
   </record>