
  
  
  
  
  
  
 
  
  <record xsi:schemaLocation="http://www.loc.gov/MARC21/slim http://www.loc.gov/standards/marcxml/schema/MARC21slim.xsd">
      <leader>00000cam a22      i 4500</leader>
      <controlfield tag="FMT">BK</controlfield>
      <controlfield tag="LDR">00000cam a22      i 4500</controlfield>
      <controlfield tag="001">004091666</controlfield>
      <controlfield tag="005">20150113161337.0</controlfield>
      <controlfield tag="008">150113s1970    is afh   b    010 0 heb</controlfield>
      <datafield tag="010" ind1=" " ind2=" ">
         <subfield code="a">   70952320</subfield>
      </datafield>
      <datafield tag="035" ind1=" " ind2=" ">
         <subfield code="a">(OCoLC)14084007</subfield>
      </datafield>
      <datafield tag="040" ind1=" " ind2=" ">
         <subfield code="a">DLC</subfield>
         <subfield code="b">eng</subfield>
         <subfield code="c">CGU</subfield>
         <subfield code="d">DLC</subfield>
         <subfield code="d">IUL</subfield>
         <subfield code="d">STF</subfield>
         <subfield code="d">CLU</subfield>
         <subfield code="d">OCLCO</subfield>
         <subfield code="d">OCLCA</subfield>
         <subfield code="d">OCLCQ</subfield>
         <subfield code="d">OCLCA</subfield>
         <subfield code="d">OCLCF</subfield>
         <subfield code="d">NNU</subfield>
      </datafield>
      <datafield tag="041" ind1="0" ind2=" ">
         <subfield code="a">heb</subfield>
         <subfield code="a">eng</subfield>
         <subfield code="a">fre</subfield>
      </datafield>
      <datafield tag="043" ind1=" " ind2=" ">
         <subfield code="a">a-is---</subfield>
      </datafield>
      <datafield tag="050" ind1=" " ind2="4">
         <subfield code="a">BS1192</subfield>
         <subfield code="b">.S38 1970</subfield>
      </datafield>
      <datafield tag="050" ind1="0" ind2="0">
         <subfield code="a">BS1192</subfield>
         <subfield code="b">.S38</subfield>
      </datafield>
      <datafield tag="245" ind1="0" ind2="0">
         <subfield code="6">880-01</subfield>
         <subfield code="a">Sefer Shemuʼel Yevin ;</subfield>
         <subfield code="b">Meḥkarim ba-Mikra, arkheʼologyah, lashon ve-toldot Yis̄raʼel, mugashim lo be-hagiʻo la-śevah. /</subfield>
         <subfield code="c">ʻArkho Shemuel Avramski, Yoḥanan Aharoni, Ḥ.M.Y. Gevaryahu ṿe-B"TS Luriaʼ.</subfield>
      </datafield>
      <datafield tag="264" ind1=" " ind2="1">
         <subfield code="6">880-02</subfield>
         <subfield code="a">Yerushalayim :</subfield>
         <subfield code="b">ha-ḥevrah le-heker ha-miḳra be-Yiśraʼel ʻa. y. hotsaʼat Ḳiryat Sefer,</subfield>
         <subfield code="c">730 [1970]</subfield>
      </datafield>
      <datafield tag="300" ind1=" " ind2=" ">
         <subfield code="a">552 pages, [20] pages of plates :</subfield>
         <subfield code="b">illustrations, facsimiles ;</subfield>
         <subfield code="c">25 cm.</subfield>
      </datafield>
      <datafield tag="336" ind1=" " ind2=" ">
         <subfield code="a">text</subfield>
         <subfield code="b">txt</subfield>
         <subfield code="2">rdacontent</subfield>
      </datafield>
      <datafield tag="337" ind1=" " ind2=" ">
         <subfield code="a">unmediated</subfield>
         <subfield code="b">n</subfield>
         <subfield code="2">rdamedia</subfield>
      </datafield>
      <datafield tag="338" ind1=" " ind2=" ">
         <subfield code="a">volume</subfield>
         <subfield code="b">nc</subfield>
         <subfield code="2">rdacarrier</subfield>
      </datafield>
      <datafield tag="490" ind1="1" ind2=" ">
         <subfield code="6">880-03</subfield>
         <subfield code="a">Kitve ha-Ḥevrah le-Ḥeker ha-Miḳra be-Yiśraʼel ;</subfield>
         <subfield code="v">sefer 20</subfield>
      </datafield>
      <datafield tag="504" ind1=" " ind2=" ">
         <subfield code="6">880-04</subfield>
         <subfield code="a">"Kitve Shemuʼel Yevin, liḳeṭ ve-ʻarakh A. Oren": pages 3-35.</subfield>
      </datafield>
      <datafield tag="504" ind1=" " ind2=" ">
         <subfield code="a">Includes bibliographical references.</subfield>
      </datafield>
      <datafield tag="546" ind1=" " ind2=" ">
         <subfield code="a">Most articles in Hebrew, with 1 in English and 1 in French.</subfield>
      </datafield>
      <datafield tag="500" ind1=" " ind2=" ">
         <subfield code="a">ISAW copy is from the Library of Hayim and Miriam Tadmor.</subfield>
         <subfield code="5">NNU</subfield>
      </datafield>
      <datafield tag="630" ind1="0" ind2="0">
         <subfield code="a">Bible.</subfield>
         <subfield code="p">Old Testament.</subfield>
      </datafield>
      <datafield tag="651" ind1=" " ind2="0">
         <subfield code="a">Palestine</subfield>
         <subfield code="x">Antiquities.</subfield>
      </datafield>
      <datafield tag="600" ind1="0" ind2="0">
         <subfield code="a">Herod</subfield>
         <subfield code="b">I,</subfield>
         <subfield code="c">King of Judea,</subfield>
         <subfield code="d">73 B.C.-4 B.C.</subfield>
      </datafield>
      <datafield tag="650" ind1=" " ind2="0">
         <subfield code="a">Hebrew language</subfield>
         <subfield code="x">History.</subfield>
      </datafield>
      <datafield tag="700" ind1="1" ind2=" ">
         <subfield code="a">Yeivin, Shmuel,</subfield>
         <subfield code="d">1896-1982</subfield>
         <subfield code="6">880-05</subfield>
         <subfield code="e">honoree.</subfield>
      </datafield>
      <datafield tag="700" ind1="1" ind2=" ">
         <subfield code="6">880-06</subfield>
         <subfield code="a">Abramsky, Shmuel,</subfield>
         <subfield code="e">editor.</subfield>
      </datafield>
      <datafield tag="710" ind1="2" ind2=" ">
         <subfield code="6">880-07</subfield>
         <subfield code="a">Ḥevrah le-ḥeḳer ha-Miḳra be-Yiśraʼel.</subfield>
      </datafield>
      <datafield tag="796" ind1="1" ind2=" ">
         <subfield code="a">Tadmor, Hayim,</subfield>
         <subfield code="e">former owner.</subfield>
      </datafield>
      <datafield tag="796" ind1="1" ind2=" ">
         <subfield code="a">Tadmor, Miriam,</subfield>
         <subfield code="e">former owner.</subfield>
      </datafield>
      <datafield tag="797" ind1="2" ind2=" ">
         <subfield code="a">Tadmor Collection.</subfield>
      </datafield>
      <datafield tag="880" ind1="0" ind2="0">
         <subfield code="6">245-01/</subfield>
         <subfield code="a">ספר שמואל ייבין :</subfield>
         <subfield code="b">מחקרים במקרא, ארכיאולוגיה, לשון ותולדות ישראל, מוגשים לו בהגיעו לשיבה /</subfield>
         <subfield code="c">ערכו שמואל אברמסקי, יוחנן אהרוני, ח.מ.י. גבריהו וב"צ לוריא.</subfield>
      </datafield>
      <datafield tag="880" ind1=" " ind2="1">
         <subfield code="6">264-02/</subfield>
         <subfield code="a">ירושלים :</subfield>
         <subfield code="b">החברה לחקר המקרא בישראל ע״י הוצאת קרית־ספר,</subfield>
         <subfield code="c">תש״ל [1970]</subfield>
      </datafield>
      <datafield tag="880" ind1="1" ind2=" ">
         <subfield code="6">490-03/</subfield>
         <subfield code="a">‏כתבי החברה לחקר המקרא בישראל ;‏</subfield>
         <subfield code="v">ספר כ"</subfield>
      </datafield>
      <datafield tag="880" ind1=" " ind2=" ">
         <subfield code="6">504-04/</subfield>
         <subfield code="a">״כתבי שמואל ייבין, ליקט וערך א. אורן״: pages 3-35.</subfield>
      </datafield>
      <datafield tag="880" ind1="1" ind2=" ">
         <subfield code="6">700-05/</subfield>
         <subfield code="a">‏ייבין, שמואל‏,</subfield>
         <subfield code="d">1896-1982,</subfield>
         <subfield code="e">honoree.</subfield>
      </datafield>
      <datafield tag="880" ind1="1" ind2=" ">
         <subfield code="6">700-06/</subfield>
         <subfield code="a">‏אברמסקי, שמואל,</subfield>
         <subfield code="e">editor.</subfield>
      </datafield>
      <datafield tag="880" ind1="2" ind2=" ">
         <subfield code="6">710-07/</subfield>
         <subfield code="a">‏חברה לחקר המקרא בישראל.</subfield>
      </datafield>
      <datafield tag="830" ind1=" " ind2="0">
         <subfield code="6">880-08</subfield>
         <subfield code="a">Kitve ha-Ḥevrah le-ḥeḳer ha-Miḳra be-Yiśraʼel ;</subfield>
         <subfield code="v">sefer 20.</subfield>
      </datafield>
      <datafield tag="880" ind1=" " ind2="0">
         <subfield code="6">830-08/</subfield>
         <subfield code="a">כתבי החברה לחקר המקרא בישראל ;</subfield>
         <subfield code="v">‏כרך 20.</subfield>
      </datafield>
      <datafield tag="OWN" ind1=" " ind2=" ">
         <subfield code="a">GENERAL</subfield>
      </datafield>
      <datafield tag="AVA" ind1=" " ind2=" ">
         <subfield code="a">NYU50</subfield>
         <subfield code="b">NISAW</subfield>
         <subfield code="c">Small Collection</subfield>
         <subfield code="d">BS1192 .S38 1970</subfield>
         <subfield code="e">available</subfield>
         <subfield code="t">Available</subfield>
         <subfield code="f">1</subfield>
         <subfield code="g">0</subfield>
         <subfield code="h">N</subfield>
         <subfield code="i">0</subfield>
         <subfield code="j">SMALL</subfield>
         <subfield code="k">0</subfield>
      </datafield>
      <marc:datafield tag="852" ind1=" " ind2=" ">
         <marc:subfield code="b">Institute for the Study of the Ancient World, </marc:subfield>
         <marc:subfield code="c">Small Collection</marc:subfield>
         <marc:subfield code="e">15 East 84th St., </marc:subfield>
         <marc:subfield code="e">New York, NY  10028</marc:subfield>
      </marc:datafield>
   </record>