
  
  
  
  
  
  
 
  
  <record xsi:schemaLocation="http://www.loc.gov/MARC21/slim http://www.loc.gov/standards/marcxml/schema/MARC21slim.xsd">
      <leader>00000cam a22----- a 4500</leader>
      <controlfield tag="FMT">BK</controlfield>
      <controlfield tag="LDR">00000cam a22----- a 4500</controlfield>
      <controlfield tag="001">004091868</controlfield>
      <controlfield tag="005">20150114113536.0</controlfield>
      <controlfield tag="008">150114s1991    is       bi   001 0 heb d</controlfield>
      <datafield tag="010" ind1=" " ind2=" ">
         <subfield code="a">---94826381-</subfield>
      </datafield>
      <datafield tag="020" ind1=" " ind2=" ">
         <subfield code="a">9653500090</subfield>
      </datafield>
      <datafield tag="020" ind1=" " ind2=" ">
         <subfield code="a">9789653500099</subfield>
      </datafield>
      <datafield tag="035" ind1=" " ind2=" ">
         <subfield code="a">(OCoLC)30777064</subfield>
      </datafield>
      <datafield tag="040" ind1=" " ind2=" ">
         <subfield code="a">MWalB</subfield>
         <subfield code="b">eng</subfield>
         <subfield code="c">MBB</subfield>
         <subfield code="d">DLC</subfield>
         <subfield code="d">TEF</subfield>
         <subfield code="d">OCLCF</subfield>
         <subfield code="d">OCLCO</subfield>
         <subfield code="d">NNU</subfield>
      </datafield>
      <datafield tag="041" ind1="1" ind2=" ">
         <subfield code="a">heb</subfield>
         <subfield code="h">latgrc</subfield>
         <subfield code="h">grc</subfield>
         <subfield code="b">eng</subfield>
      </datafield>
      <datafield tag="042" ind1=" " ind2=" ">
         <subfield code="a">lccopycat</subfield>
      </datafield>
      <datafield tag="050" ind1="0" ind2="0">
         <subfield code="a">BM585</subfield>
         <subfield code="b">.Y34 1991</subfield>
      </datafield>
      <datafield tag="245" ind1="0" ind2="3">
         <subfield code="6">880-01</subfield>
         <subfield code="a">ha-Yahadut ṿeha-Natsrut bi-reʼi ha-pulmus ha-pagani :</subfield>
         <subfield code="b">Ḳelsus--Torat ha-emet, Porfiryus--Neged ha-Notsrim, Yulyanus--Neged ha-Geliliyim /</subfield>
         <subfield code="c">mavo, targum ṿe-heʻarot Daṿid Roḳeaḥ.</subfield>
      </datafield>
      <datafield tag="246" ind1="3" ind2="5">
         <subfield code="a">Judaism and Christianity in pagan polemics.</subfield>
      </datafield>
      <datafield tag="260" ind1=" " ind2=" ">
         <subfield code="6">880-02</subfield>
         <subfield code="a">Yerushalayim :</subfield>
         <subfield code="b">Hotsaʼat Merkaz Dinur,</subfield>
         <subfield code="c">751, 1991.</subfield>
      </datafield>
      <datafield tag="300" ind1=" " ind2=" ">
         <subfield code="a">264 p. ;</subfield>
         <subfield code="c">24 cm.</subfield>
      </datafield>
      <datafield tag="336" ind1=" " ind2=" ">
         <subfield code="a">text</subfield>
         <subfield code="b">txt</subfield>
         <subfield code="2">rdacontent</subfield>
      </datafield>
      <datafield tag="337" ind1=" " ind2=" ">
         <subfield code="a">unmediated</subfield>
         <subfield code="b">n</subfield>
         <subfield code="2">rdamedia</subfield>
      </datafield>
      <datafield tag="338" ind1=" " ind2=" ">
         <subfield code="a">volume</subfield>
         <subfield code="b">nc</subfield>
         <subfield code="2">rdacarrier</subfield>
      </datafield>
      <datafield tag="490" ind1="1" ind2=" ">
         <subfield code="6">880-03</subfield>
         <subfield code="a">Ḳunṭresim, meḳorot u-meḥḳarim ;</subfield>
         <subfield code="v">72-73</subfield>
      </datafield>
      <datafield tag="500" ind1=" " ind2=" ">
         <subfield code="a">Table of contents also in English.</subfield>
      </datafield>
      <datafield tag="500" ind1=" " ind2=" ">
         <subfield code="a">Title on added t.p.: Judaism and Christianity in Pagan polemics.</subfield>
      </datafield>
      <datafield tag="504" ind1=" " ind2=" ">
         <subfield code="a">Includes bibliographical references and index.</subfield>
      </datafield>
      <datafield tag="500" ind1=" " ind2=" ">
         <subfield code="a">ISAW copy is from the Library of Hayim and Miriam Tadmor.</subfield>
         <subfield code="5">NNU</subfield>
      </datafield>
      <datafield tag="650" ind1=" " ind2="0">
         <subfield code="a">Judaism</subfield>
         <subfield code="v">Controversial literature</subfield>
         <subfield code="x">Controversial literature.</subfield>
      </datafield>
      <datafield tag="650" ind1=" " ind2="0">
         <subfield code="a">Christianity</subfield>
         <subfield code="v">Controversial literature</subfield>
         <subfield code="x">Controversial literature.</subfield>
      </datafield>
      <datafield tag="650" ind1=" " ind2="0">
         <subfield code="a">Paganism.</subfield>
      </datafield>
      <datafield tag="700" ind1="1" ind2=" ">
         <subfield code="a">Rokeah, David</subfield>
         <subfield code="6">880-04</subfield>
      </datafield>
      <datafield tag="700" ind1="0" ind2="2">
         <subfield code="6">880-05</subfield>
         <subfield code="a">Celsus</subfield>
         <subfield code="c">(Platonic philosopher),</subfield>
         <subfield code="d">active 180.</subfield>
         <subfield code="t">Alēthēs logos.</subfield>
         <subfield code="l">Hebrew.</subfield>
      </datafield>
      <datafield tag="700" ind1="0" ind2="2">
         <subfield code="6">880-06</subfield>
         <subfield code="a">Porphyry,</subfield>
         <subfield code="d">approximately 234-approximately 305.</subfield>
         <subfield code="t">Against the Christians.</subfield>
         <subfield code="l">Hebrew.</subfield>
      </datafield>
      <datafield tag="700" ind1="0" ind2="2">
         <subfield code="a">Julian,</subfield>
         <subfield code="c">Emperor of Rome,</subfield>
         <subfield code="d">331-363</subfield>
         <subfield code="6">880-07</subfield>
         <subfield code="t">Against the Galileans.</subfield>
         <subfield code="l">Hebrew.</subfield>
      </datafield>
      <datafield tag="710" ind1="2" ind2=" ">
         <subfield code="6">880-08</subfield>
         <subfield code="a">Merkaz le-ḥeḳer toldot Yiśraʼel ʻal-shem Ben-Tsiyon Dinur.</subfield>
      </datafield>
      <datafield tag="796" ind1="1" ind2=" ">
         <subfield code="a">Tadmor, Hayim,</subfield>
         <subfield code="e">former owner.</subfield>
      </datafield>
      <datafield tag="796" ind1="1" ind2=" ">
         <subfield code="a">Tadmor, Miriam,</subfield>
         <subfield code="e">former owner.</subfield>
      </datafield>
      <datafield tag="797" ind1="2" ind2=" ">
         <subfield code="a">Tadmor Collection.</subfield>
      </datafield>
      <datafield tag="880" ind1="0" ind2="1">
         <subfield code="6">245-01/</subfield>
         <subfield code="a">היהדות והנצרות בראי הפולמוס הפאגאני :</subfield>
         <subfield code="b">קלסוס־־תורת האמת, פורפיריוס־־נגד הנוצרים, יוליאנוס־־נגד הגליליים /</subfield>
         <subfield code="c">מבוא, תרגום והערות: דוד רוקח.</subfield>
      </datafield>
      <datafield tag="880" ind1=" " ind2=" ">
         <subfield code="6">260-02/</subfield>
         <subfield code="a">ירושלים :</subfield>
         <subfield code="b">הוצאת מרכז דינור,</subfield>
         <subfield code="c">751, 1991.</subfield>
      </datafield>
      <datafield tag="880" ind1="1" ind2=" ">
         <subfield code="6">490-03/</subfield>
         <subfield code="a">קונטרסים, מקורות ומחקרים ;</subfield>
         <subfield code="v">72-73</subfield>
      </datafield>
      <datafield tag="880" ind1="1" ind2=" ">
         <subfield code="6">700-04/</subfield>
         <subfield code="a">רוקח, דוד.</subfield>
      </datafield>
      <datafield tag="880" ind1="0" ind2="2">
         <subfield code="6">700-05/</subfield>
         <subfield code="a">קלסוס.</subfield>
         <subfield code="t">תורת האמת.</subfield>
      </datafield>
      <datafield tag="880" ind1="0" ind2="2">
         <subfield code="6">700-06/</subfield>
         <subfield code="a">פורפיריוס,</subfield>
         <subfield code="d">?234־?305.</subfield>
         <subfield code="t">נגד הנוצרים.</subfield>
      </datafield>
      <datafield tag="880" ind1="0" ind2="2">
         <subfield code="6">700-07/</subfield>
         <subfield code="a">יוליאנוס,</subfield>
         <subfield code="c">קיסר רומא,</subfield>
         <subfield code="d">133־363.</subfield>
         <subfield code="t">נגד הגליליים.</subfield>
      </datafield>
      <datafield tag="880" ind1="2" ind2=" ">
         <subfield code="6">710-08/</subfield>
         <subfield code="a">מרכז לחקר תולדות ישראל ע״ש בן־ציון דינור.</subfield>
      </datafield>
      <datafield tag="830" ind1=" " ind2="0">
         <subfield code="6">880-09</subfield>
         <subfield code="a">Ḳunṭresim, meḳorot u-meḥḳarim ;</subfield>
         <subfield code="v">72-73.</subfield>
      </datafield>
      <datafield tag="880" ind1=" " ind2="0">
         <subfield code="6">830-09/</subfield>
         <subfield code="a">קונטרסים, מקורות ומחקרים ;</subfield>
         <subfield code="v">72-73.</subfield>
      </datafield>
      <datafield tag="OWN" ind1=" " ind2=" ">
         <subfield code="a">GENERAL</subfield>
      </datafield>
      <datafield tag="AVA" ind1=" " ind2=" ">
         <subfield code="a">NYU50</subfield>
         <subfield code="b">NISAW</subfield>
         <subfield code="c">Small Collection</subfield>
         <subfield code="d">BM585 .Y34 1991</subfield>
         <subfield code="e">available</subfield>
         <subfield code="t">Available</subfield>
         <subfield code="f">1</subfield>
         <subfield code="g">0</subfield>
         <subfield code="h">N</subfield>
         <subfield code="i">0</subfield>
         <subfield code="j">SMALL</subfield>
         <subfield code="k">0</subfield>
      </datafield>
      <marc:datafield tag="852" ind1=" " ind2=" ">
         <marc:subfield code="b">Institute for the Study of the Ancient World, </marc:subfield>
         <marc:subfield code="c">Small Collection</marc:subfield>
         <marc:subfield code="e">15 East 84th St., </marc:subfield>
         <marc:subfield code="e">New York, NY  10028</marc:subfield>
      </marc:datafield>
   </record>