
  
  
  
  
  
 
  
  <record xsi:schemaLocation="http://www.loc.gov/MARC21/slim http://www.loc.gov/standards/marcxml/schema/MARC21slim.xsd">
      <leader>00000cam a22      a 4500</leader>
      <controlfield tag="FMT">BK</controlfield>
      <controlfield tag="LDR">00000cam a22      a 4500</controlfield>
      <controlfield tag="001">002045732</controlfield>
      <controlfield tag="005">20150114152205.0</controlfield>
      <controlfield tag="008">930518m19929999is h     b    000 0 heb</controlfield>
      <datafield tag="010" ind1=" " ind2=" ">
         <subfield code="a">   93827008</subfield>
      </datafield>
      <datafield tag="020" ind1=" " ind2=" ">
         <subfield code="z">9652661467 (v. 1)</subfield>
      </datafield>
      <datafield tag="020" ind1=" " ind2=" ">
         <subfield code="a">9652261467 (v. 1 : corrected)</subfield>
      </datafield>
      <datafield tag="020" ind1=" " ind2=" ">
         <subfield code="a">9789652261465 (v. 1)</subfield>
      </datafield>
      <datafield tag="020" ind1=" " ind2=" ">
         <subfield code="z">9652661661 (v. 2)</subfield>
      </datafield>
      <datafield tag="020" ind1=" " ind2=" ">
         <subfield code="a">9652261661 (v. 2 : corrected)</subfield>
      </datafield>
      <datafield tag="020" ind1=" " ind2=" ">
         <subfield code="a">9789652261663 (v. 2)</subfield>
      </datafield>
      <datafield tag="020" ind1=" " ind2=" ">
         <subfield code="z">965266170X (v. 3)</subfield>
      </datafield>
      <datafield tag="020" ind1=" " ind2=" ">
         <subfield code="a">965226170X (v. 3 : corrected)</subfield>
      </datafield>
      <datafield tag="020" ind1=" " ind2=" ">
         <subfield code="a">9789652261700 (v. 3)</subfield>
      </datafield>
      <datafield tag="020" ind1=" " ind2=" ">
         <subfield code="z">9652661807 (v. 4)</subfield>
      </datafield>
      <datafield tag="020" ind1=" " ind2=" ">
         <subfield code="a">9652261807 (v. 4 : corrected)</subfield>
      </datafield>
      <datafield tag="020" ind1=" " ind2=" ">
         <subfield code="a">9789652261809 (v. 4)</subfield>
      </datafield>
      <datafield tag="020" ind1=" " ind2=" ">
         <subfield code="z">9652662021 (v. 5:1)</subfield>
      </datafield>
      <datafield tag="020" ind1=" " ind2=" ">
         <subfield code="a">9652262021 (v. 5:1 : corrected)</subfield>
      </datafield>
      <datafield tag="020" ind1=" " ind2=" ">
         <subfield code="a">9789652262028 (v. 5:1)</subfield>
      </datafield>
      <datafield tag="020" ind1=" " ind2=" ">
         <subfield code="z">9652262307 (v. 5:2)</subfield>
      </datafield>
      <datafield tag="020" ind1=" " ind2=" ">
         <subfield code="a">9652262307 (v. 5:2 : corrected)</subfield>
      </datafield>
      <datafield tag="020" ind1=" " ind2=" ">
         <subfield code="a">9789652262301 (v. 5:2)</subfield>
      </datafield>
      <datafield tag="020" ind1=" " ind2=" ">
         <subfield code="z">9652262307 (v. 6)</subfield>
      </datafield>
      <datafield tag="020" ind1=" " ind2=" ">
         <subfield code="z">9789652262301 (v. 6)</subfield>
      </datafield>
      <datafield tag="020" ind1=" " ind2=" ">
         <subfield code="a">9652262366 (v. 6 : corrected)</subfield>
      </datafield>
      <datafield tag="020" ind1=" " ind2=" ">
         <subfield code="a">9789652262363 (v. 6 : corrected)</subfield>
      </datafield>
      <datafield tag="020" ind1=" " ind2=" ">
         <subfield code="a">9652262641 (v. 7:1)</subfield>
      </datafield>
      <datafield tag="020" ind1=" " ind2=" ">
         <subfield code="a">9789652262646 (v. 7:1)</subfield>
      </datafield>
      <datafield tag="020" ind1=" " ind2=" ">
         <subfield code="a">965226265X (v. 7:2)</subfield>
      </datafield>
      <datafield tag="020" ind1=" " ind2=" ">
         <subfield code="a">9789652262653 (v. 7:2)</subfield>
      </datafield>
      <datafield tag="020" ind1=" " ind2=" ">
         <subfield code="z">9789658864411 (v. 8:1)</subfield>
      </datafield>
      <datafield tag="020" ind1=" " ind2=" ">
         <subfield code="a">9652263311 (v. 8:2)</subfield>
      </datafield>
      <datafield tag="020" ind1=" " ind2=" ">
         <subfield code="a">9789652263315 (v. 8:2)</subfield>
      </datafield>
      <datafield tag="020" ind1=" " ind2=" ">
         <subfield code="a">9789652264220 (v. 9)</subfield>
      </datafield>
      <datafield tag="020" ind1=" " ind2=" ">
         <subfield code="a">9652264229 (v. 9)</subfield>
      </datafield>
      <datafield tag="020" ind1=" " ind2=" ">
         <subfield code="a">9789652264237 (v. 10)</subfield>
      </datafield>
      <datafield tag="020" ind1=" " ind2=" ">
         <subfield code="a">9652264237 (v. 10)</subfield>
      </datafield>
      <datafield tag="020" ind1=" " ind2=" ">
         <subfield code="a">9789652264343 (v. 11)</subfield>
      </datafield>
      <datafield tag="020" ind1=" " ind2=" ">
         <subfield code="a">9652264342 (v. 11)</subfield>
      </datafield>
      <datafield tag="020" ind1=" " ind2=" ">
         <subfield code="a">9789652264350 (v. 12)</subfield>
      </datafield>
      <datafield tag="020" ind1=" " ind2=" ">
         <subfield code="a">9652264350 (v. 12)</subfield>
      </datafield>
      <datafield tag="020" ind1=" " ind2=" ">
         <subfield code="a">9789652264367 (v. 13)</subfield>
      </datafield>
      <datafield tag="020" ind1=" " ind2=" ">
         <subfield code="a">9652264369 (v. 13)</subfield>
      </datafield>
      <datafield tag="035" ind1="7" ind2=" ">
         <subfield code="a">jb66059</subfield>
      </datafield>
      <datafield tag="035" ind1="7" ind2=" ">
         <subfield code="a">jb38713</subfield>
      </datafield>
      <datafield tag="035" ind1="7" ind2=" ">
         <subfield code="a">jb48010</subfield>
      </datafield>
      <datafield tag="035" ind1="7" ind2=" ">
         <subfield code="a">jb46853</subfield>
      </datafield>
      <datafield tag="035" ind1=" " ind2=" ">
         <subfield code="a">(OCoLC)29028549</subfield>
         <subfield code="z">(OCoLC)26449478</subfield>
         <subfield code="z">(OCoLC)26579698</subfield>
         <subfield code="z">(OCoLC)41093621</subfield>
         <subfield code="z">(OCoLC)231722573</subfield>
         <subfield code="z">(OCoLC)231722575</subfield>
         <subfield code="z">(OCoLC)231998156</subfield>
         <subfield code="z">(OCoLC)319749522</subfield>
         <subfield code="z">(OCoLC)502570616</subfield>
         <subfield code="z">(OCoLC)629919309</subfield>
      </datafield>
      <datafield tag="040" ind1=" " ind2=" ">
         <subfield code="a">DLC-R</subfield>
         <subfield code="b">eng</subfield>
         <subfield code="c">DLC</subfield>
         <subfield code="d">UMC</subfield>
         <subfield code="d">NA5</subfield>
         <subfield code="d">HLS</subfield>
         <subfield code="d">YDXCP</subfield>
         <subfield code="d">MNU</subfield>
         <subfield code="d">FDA</subfield>
         <subfield code="d">UMC</subfield>
         <subfield code="d">CGU</subfield>
         <subfield code="d">UMC</subfield>
         <subfield code="d">OSU</subfield>
         <subfield code="d">UMC</subfield>
         <subfield code="d">AUD</subfield>
         <subfield code="d">PAU</subfield>
         <subfield code="d">OCLCA</subfield>
         <subfield code="d">OCLCQ</subfield>
         <subfield code="d">OCLCA</subfield>
      </datafield>
      <datafield tag="050" ind1="0" ind2="0">
         <subfield code="a">BS715.5</subfield>
         <subfield code="b">.A43 1992</subfield>
      </datafield>
      <datafield tag="082" ind1="0" ind2="4">
         <subfield code="a">221.44</subfield>
         <subfield code="b">C66</subfield>
      </datafield>
      <datafield tag="130" ind1="0" ind2=" ">
         <subfield code="6">880-01</subfield>
         <subfield code="a">Bible.</subfield>
         <subfield code="p">Old Testament.</subfield>
         <subfield code="l">Hebrew.</subfield>
         <subfield code="s">Aleppo Codex.</subfield>
         <subfield code="f">1992.</subfield>
      </datafield>
      <datafield tag="245" ind1="1" ind2="0">
         <subfield code="6">880-02</subfield>
         <subfield code="a">Miḳraʼot gedolot ha-Keter /</subfield>
         <subfield code="c">mahadir ṿe-ʻorekh madaʻi, Menaḥem Kohen.</subfield>
      </datafield>
      <datafield tag="260" ind1=" " ind2=" ">
         <subfield code="6">880-03</subfield>
         <subfield code="a">Ramat-Gan :</subfield>
         <subfield code="b">Universiṭat Bar Ilan,</subfield>
         <subfield code="c">[1992-&lt;2012&gt;]</subfield>
      </datafield>
      <datafield tag="300" ind1=" " ind2=" ">
         <subfield code="a">volumes &lt;1-13; in 16&gt; :</subfield>
         <subfield code="b">facsimiles ;</subfield>
         <subfield code="c">25-31 cm</subfield>
      </datafield>
      <datafield tag="336" ind1=" " ind2=" ">
         <subfield code="a">text</subfield>
         <subfield code="b">txt</subfield>
         <subfield code="2">rdacontent</subfield>
      </datafield>
      <datafield tag="337" ind1=" " ind2=" ">
         <subfield code="a">unmediated</subfield>
         <subfield code="b">n</subfield>
         <subfield code="2">rdamedia</subfield>
      </datafield>
      <datafield tag="338" ind1=" " ind2=" ">
         <subfield code="a">volume</subfield>
         <subfield code="b">nc</subfield>
         <subfield code="2">rdacarrier</subfield>
      </datafield>
      <datafield tag="500" ind1=" " ind2=" ">
         <subfield code="a">ISAW copy is from the Library of Hayim and Miriam Tadmor.</subfield>
         <subfield code="5">NNU</subfield>
      </datafield>
      <datafield tag="500" ind1=" " ind2=" ">
         <subfield code="6">880-04</subfield>
         <subfield code="a">"Mahadurat yesod ḥadashah. Hahadarah madaʻit ʻal-pi kitve yad ʻatiḳim. Nusaḥ ha-mesorah ha-meduyaḳ shel ha-Miḳra ʻim mesorah gedolah u-mesorah ḳeṭanah ʻal-pi 'Keter Aram Tsovah' ... ṿe-nilṿim elaṿ targumim Aramiyim ... perushim ... ʻEn ha-mesorah', beʼur u-marʼe-meḳomot le-khol heʻarot ha-mesorah shel 'Keter Aram Tsovah'."</subfield>
      </datafield>
      <datafield tag="500" ind1=" " ind2=" ">
         <subfield code="a">Title on t.p. verso: Mikra'ot gedolot "Haketer."</subfield>
      </datafield>
      <datafield tag="504" ind1=" " ind2=" ">
         <subfield code="a">Includes bibliographical references.</subfield>
      </datafield>
      <datafield tag="505" ind1="1" ind2=" ">
         <subfield code="6">880-05</subfield>
         <subfield code="a">[1] Yehoshuʻa, Shofṭim, u-Mavo kelali -- [2] Shemuʼel 1-2 -- [3] Melakhim 1-2 -- [4] Yeshaʻyahu -- [5:1] Sefer Be-reshit. ḥeleḳ 1. Be-reshit-Ḥaye Śarah -- [5:2] Sefer Be-reshit. ḥeleḳ 2. Toldot-Ṿa-yeḥi -- [6] Sefer Yeḥezḳel -- [7:1] Sefer Tehilim. ḥeleḳ 1. Mizmorim 1-72 -- [7:2] Sefer Tehilim. ḥeleḳ 2. Mizmorim 73-150 -- [8:1] Sefer Shemot ḥeleḳ 1. Shemot-Yitro -- [8:2] Sefer Shemot. ḥeleḳ 2. Mipaṭim-Piḳude -- [9] Ba-midbar -- [10] Devarim -- [11] Yirmiyahu -- [12] Tere ʻaśar -- [13] Ḥamesh megilot.</subfield>
      </datafield>
      <datafield tag="630" ind1="0" ind2="0">
         <subfield code="a">Bible.</subfield>
         <subfield code="p">Old Testament</subfield>
         <subfield code="v">Commentaries.</subfield>
      </datafield>
      <datafield tag="650" ind1=" " ind2="0">
         <subfield code="a">Masorah</subfield>
         <subfield code="6">880-06</subfield>
      </datafield>
      <datafield tag="700" ind1="1" ind2=" ">
         <subfield code="6">880-07</subfield>
         <subfield code="a">Cohen, Menachem.</subfield>
      </datafield>
      <datafield tag="740" ind1="0" ind2="2">
         <subfield code="6">880-08</subfield>
         <subfield code="a">Mikra'ot gedolot "Haketer."</subfield>
      </datafield>
      <datafield tag="776" ind1="0" ind2="8">
         <subfield code="i">Online version:</subfield>
         <subfield code="a">Bible. O.T. Hebrew. Aleppo Codex. 1992.</subfield>
         <subfield code="t">Miḳraʼot gedolot ha-Keter.</subfield>
         <subfield code="d">Ramat-Gan : Universiṭat Bar Ilan, [1992-&lt;2003&gt;]</subfield>
         <subfield code="w">(OCoLC)607933760</subfield>
      </datafield>
      <datafield tag="796" ind1="1" ind2=" ">
         <subfield code="a">Tadmor, Hayim,</subfield>
         <subfield code="e">former owner.</subfield>
      </datafield>
      <datafield tag="796" ind1="1" ind2=" ">
         <subfield code="a">Tadmor, Miriam,</subfield>
         <subfield code="e">former owner.</subfield>
      </datafield>
      <datafield tag="797" ind1="2" ind2=" ">
         <subfield code="a">Tadmor Collection.</subfield>
      </datafield>
      <datafield tag="880" ind1="0" ind2=" ">
         <subfield code="6">130-01/</subfield>
         <subfield code="a">תנ״ך.</subfield>
         <subfield code="l">עברית.</subfield>
         <subfield code="s">כתר ארם צובה.</subfield>
      </datafield>
      <datafield tag="880" ind1="1" ind2="0">
         <subfield code="6">245-02/</subfield>
         <subfield code="a">מקראות גדולות הכתר /</subfield>
         <subfield code="c">מהדיר ועורך מדעי, מנחם כהן.</subfield>
      </datafield>
      <datafield tag="880" ind1=" " ind2=" ">
         <subfield code="6">260-03/</subfield>
         <subfield code="a">רמת־גן :</subfield>
         <subfield code="b">אוניברסיטת בר־אילן,</subfield>
         <subfield code="c">[1992-&lt;2012&gt;]</subfield>
      </datafield>
      <datafield tag="880" ind1=" " ind2=" ">
         <subfield code="6">500-04/</subfield>
         <subfield code="a">״מהדורת יסוד חדשה. ההדרה מדעית על־פי כתבי־יד עתיקים. נוסח המסורה המדויק של המקרא עם מסורה גדולה ומסורה קטנה על־פי ׳כתר ארם צובא׳ ... ונלווים אליו תרגומים ארמיים ... פרושים ... ׳עין המסורה׳, ביאור ומראי־מקומות לכל הערות המסורה של ׳כתר ארם צובא׳.״.</subfield>
      </datafield>
      <datafield tag="880" ind1="1" ind2=" ">
         <subfield code="6">505-05/</subfield>
         <subfield code="a">[1] יהושע, שופטים, ומבוא כללי ־־ [2] שמואל א־ב ־־ [3] מלכים א־ב ־־ [4] ישעיהו ־־ [5:1] בראשית. חלק 1. בראשית־חיי שרה ־־ [5:2] בראשית. חלק 2. תולדות־ויחי ־־ [6] ספר יחזקאל ־־ [7:1] ספר תהלים חלק 1. מזמורים 1-72 -- [7:2] ספר תהלים חלק 2. מזמורים 73-150 -- [8:1] ספר שמות. חלק 1. שמות-יתרו -- [8:2] ספר שמות. חלק 2. משפטים-פקודי -- [9] במדבר -- [10] דברים -- [11] ירמיהו -- [12] תרי עשר -- [13] חמש מגילות.</subfield>
      </datafield>
      <datafield tag="880" ind1=" " ind2="4">
         <subfield code="6">650-06/</subfield>
         <subfield code="a">מסורה.</subfield>
      </datafield>
      <datafield tag="880" ind1="1" ind2=" ">
         <subfield code="6">700-07/</subfield>
         <subfield code="a">כהן, מנחם.</subfield>
      </datafield>
      <datafield tag="880" ind1="0" ind2="2">
         <subfield code="6">740-08/</subfield>
         <subfield code="a">מקראות גדולות ״הכתר״.</subfield>
      </datafield>
      <datafield tag="OWN" ind1=" " ind2=" ">
         <subfield code="a">GENERAL</subfield>
      </datafield>
      <datafield tag="AVA" ind1=" " ind2=" ">
         <subfield code="a">NYU50</subfield>
         <subfield code="b">BOBST</subfield>
         <subfield code="c">Main Collection</subfield>
         <subfield code="d">BS715.5 .A43 1992 Oversize</subfield>
         <subfield code="e">check_holdings</subfield>
         <subfield code="t">Check Holdings</subfield>
         <subfield code="h">Y</subfield>
         <subfield code="j">MAIN</subfield>
         <subfield code="k">0</subfield>
      </datafield>
      <datafield tag="AVA" ind1=" " ind2=" ">
         <subfield code="a">NYU50</subfield>
         <subfield code="b">NISAW</subfield>
         <subfield code="c">Large Collection</subfield>
         <subfield code="d">BS715.5 .A43 1992</subfield>
         <subfield code="e">available</subfield>
         <subfield code="t">Available</subfield>
         <subfield code="f">1</subfield>
         <subfield code="g">0</subfield>
         <subfield code="h">Y</subfield>
         <subfield code="i">0</subfield>
         <subfield code="j">LARGE</subfield>
         <subfield code="k">0</subfield>
      </datafield>
      <marc:datafield tag="852" ind1=" " ind2=" ">
         <marc:subfield code="b">Institute for the Study of the Ancient World, </marc:subfield>
         <marc:subfield code="c">Large Collection</marc:subfield>
         <marc:subfield code="e">15 East 84th St., </marc:subfield>
         <marc:subfield code="e">New York, NY  10028</marc:subfield>
      </marc:datafield>
   </record>