
  
  
  
  
  
 
  
  <record xsi:schemaLocation="http://www.loc.gov/MARC21/slim http://www.loc.gov/standards/marcxml/schema/MARC21slim.xsd">
      <leader>00000cam  2200409 a 4500</leader>
      <controlfield tag="FMT">BK</controlfield>
      <controlfield tag="LDR">00000cam  2200409 a 4500</controlfield>
      <controlfield tag="001">004092983</controlfield>
      <controlfield tag="003">OCoLC</controlfield>
      <controlfield tag="005">20150115095628.0</controlfield>
      <controlfield tag="008">150115s2003    ii a     b    000 0 eng d</controlfield>
      <datafield tag="020" ind1=" " ind2=" ">
         <subfield code="a">8174362177</subfield>
      </datafield>
      <datafield tag="020" ind1=" " ind2=" ">
         <subfield code="a">9788174362179</subfield>
      </datafield>
      <datafield tag="035" ind1=" " ind2=" ">
         <subfield code="a">(OCoLC)53246197</subfield>
      </datafield>
      <datafield tag="040" ind1=" " ind2=" ">
         <subfield code="a">SAV</subfield>
         <subfield code="c">SAV</subfield>
         <subfield code="d">OCLCQ</subfield>
         <subfield code="d">OCL</subfield>
         <subfield code="d">OCLCA</subfield>
         <subfield code="d">DKAGE</subfield>
         <subfield code="d">SAP</subfield>
         <subfield code="d">OCLCF</subfield>
         <subfield code="d">NNU</subfield>
      </datafield>
      <datafield tag="043" ind1=" " ind2=" ">
         <subfield code="a">ac-----</subfield>
      </datafield>
      <datafield tag="050" ind1=" " ind2="4">
         <subfield code="a">N8193.2</subfield>
         <subfield code="b">.S252 2003</subfield>
      </datafield>
      <datafield tag="082" ind1="0" ind2="4">
         <subfield code="a">700.482 943</subfield>
         <subfield code="2">21</subfield>
      </datafield>
      <datafield tag="100" ind1="0" ind2=" ">
         <subfield code="a">Śaśibālā,</subfield>
         <subfield code="d">1956-</subfield>
      </datafield>
      <datafield tag="245" ind1="1" ind2="0">
         <subfield code="a">Buddhist art :</subfield>
         <subfield code="b">in praise of the divine /</subfield>
         <subfield code="c">Dr Shashibala ; foreword by Dr Lokesh Chandra.</subfield>
      </datafield>
      <datafield tag="260" ind1=" " ind2=" ">
         <subfield code="a">New Delhi :</subfield>
         <subfield code="b">Lustre Press :</subfield>
         <subfield code="b">Roli Books,</subfield>
         <subfield code="c">2003.</subfield>
      </datafield>
      <datafield tag="300" ind1=" " ind2=" ">
         <subfield code="a">128 p. :</subfield>
         <subfield code="b">ill. ;</subfield>
         <subfield code="c">29 cm.</subfield>
      </datafield>
      <datafield tag="504" ind1=" " ind2=" ">
         <subfield code="a">Includes bibliographical references ((p. 127)).</subfield>
      </datafield>
      <datafield tag="520" ind1=" " ind2=" ">
         <subfield code="a">Art inspired by the Buddhist tradition.</subfield>
      </datafield>
      <datafield tag="505" ind1="0" ind2=" ">
         <subfield code="a">Introduction: the beginning -- Architecture: divine abodes -- Stupas: for the Buddhas -- Caves: abode of silence -- Indian temples: devastated and deserted -- Indonesian temples -- Japanese monasteries -- The Burmese legacy -- Thai temples. Sculptures: iconic representation -- Different forms of the Buddha -- Buddhas of three times -- Buddhist colossi -- Buddhas of the light cults -- Buddhas of healing and longevity -- Bodhisattvas: saviours of humanity -- Protective divinities -- The female power -- Narrative arts: Jataka stories. Painting: devotation with beauty -- Ajanta: final reflection of Gupta art -- Manuscript paintings -- Thailand's mastery -- Japanese expressions -- Chinese cave art -- Tibet's Lamaist art -- Mongolian style -- Burmese brushwork - Monastic art of Sri Lanka.</subfield>
      </datafield>
      <datafield tag="500" ind1=" " ind2=" ">
         <subfield code="a">ISAW copy is from the library of Natasha Eilenberg.</subfield>
         <subfield code="5">NNU</subfield>
      </datafield>
      <datafield tag="650" ind1=" " ind2="0">
         <subfield code="a">Buddhist art</subfield>
         <subfield code="z">Asia, Central.</subfield>
      </datafield>
      <datafield tag="650" ind1=" " ind2="0">
         <subfield code="a">Art, Central Asian.</subfield>
      </datafield>
      <datafield tag="650" ind1=" " ind2="7">
         <subfield code="a">Art, Central Asian.</subfield>
         <subfield code="2">fast</subfield>
         <subfield code="0">(OCoLC)fst00816094</subfield>
      </datafield>
      <datafield tag="650" ind1=" " ind2="7">
         <subfield code="a">Buddhist art.</subfield>
         <subfield code="2">fast</subfield>
         <subfield code="0">(OCoLC)fst01727577</subfield>
      </datafield>
      <datafield tag="651" ind1=" " ind2="7">
         <subfield code="a">Asia, Central.</subfield>
         <subfield code="2">fast</subfield>
         <subfield code="0">(OCoLC)fst01240497</subfield>
      </datafield>
      <datafield tag="796" ind1="1" ind2=" ">
         <subfield code="a">Eilenberg, Natasha,</subfield>
         <subfield code="e">donor.</subfield>
      </datafield>
      <datafield tag="797" ind1="2" ind2=" ">
         <subfield code="a">Eilenberg collection.</subfield>
      </datafield>
      <datafield tag="700" ind1="0" ind2=" ">
         <subfield code="a">Lokesh Chandra.</subfield>
      </datafield>
      <datafield tag="776" ind1="0" ind2="8">
         <subfield code="i">Online version:</subfield>
         <subfield code="a">Śaśibālā, 1956-</subfield>
         <subfield code="t">Buddhist art.</subfield>
         <subfield code="d">New Delhi : Lustre Press : Roli Books, 2003</subfield>
         <subfield code="w">(OCoLC)607015421</subfield>
      </datafield>
      <datafield tag="994" ind1=" " ind2=" ">
         <subfield code="a">Z0</subfield>
         <subfield code="b">ZYU</subfield>
      </datafield>
      <datafield tag="OWN" ind1=" " ind2=" ">
         <subfield code="a">GENERAL</subfield>
      </datafield>
      <datafield tag="AVA" ind1=" " ind2=" ">
         <subfield code="a">NYU50</subfield>
         <subfield code="b">NISAW</subfield>
         <subfield code="c">Large Collection</subfield>
         <subfield code="d">N8193.2 .S252 2003</subfield>
         <subfield code="e">available</subfield>
         <subfield code="t">Available</subfield>
         <subfield code="f">1</subfield>
         <subfield code="g">0</subfield>
         <subfield code="h">N</subfield>
         <subfield code="i">0</subfield>
         <subfield code="j">LARGE</subfield>
         <subfield code="k">0</subfield>
      </datafield>
      <marc:datafield tag="852" ind1=" " ind2=" ">
         <marc:subfield code="b">Institute for the Study of the Ancient World, </marc:subfield>
         <marc:subfield code="c">Large Collection</marc:subfield>
         <marc:subfield code="e">15 East 84th St., </marc:subfield>
         <marc:subfield code="e">New York, NY  10028</marc:subfield>
      </marc:datafield>
   </record>