
  
  
  
  
  
  
 
  
  <record xsi:schemaLocation="http://www.loc.gov/MARC21/slim http://www.loc.gov/standards/marcxml/schema/MARC21slim.xsd">
      <leader>00000cam  2200481 a 4500</leader>
      <controlfield tag="FMT">BK</controlfield>
      <controlfield tag="LDR">00000cam  2200481 a 4500</controlfield>
      <controlfield tag="001">004094096</controlfield>
      <controlfield tag="003">OCoLC</controlfield>
      <controlfield tag="005">20150120103925.0</controlfield>
      <controlfield tag="008">150120s2003    nmua          000 0 eng d</controlfield>
      <datafield tag="020" ind1=" " ind2=" ">
         <subfield code="a">0974402931</subfield>
      </datafield>
      <datafield tag="020" ind1=" " ind2=" ">
         <subfield code="a">9780974402932</subfield>
      </datafield>
      <datafield tag="035" ind1=" " ind2=" ">
         <subfield code="a">(OCoLC)54957456</subfield>
      </datafield>
      <datafield tag="040" ind1=" " ind2=" ">
         <subfield code="a">TEF</subfield>
         <subfield code="c">TEF</subfield>
         <subfield code="d">C#P</subfield>
         <subfield code="d">OCLCQ</subfield>
         <subfield code="d">BAKER</subfield>
         <subfield code="d">VRC</subfield>
         <subfield code="d">YDXCP</subfield>
         <subfield code="d">SINLB</subfield>
         <subfield code="d">OCLCQ</subfield>
         <subfield code="d">BDX</subfield>
         <subfield code="d">OCLCF</subfield>
         <subfield code="d">NNU</subfield>
      </datafield>
      <datafield tag="043" ind1=" " ind2=" ">
         <subfield code="a">a-cb---</subfield>
      </datafield>
      <datafield tag="050" ind1=" " ind2="4">
         <subfield code="a">NA6021</subfield>
         <subfield code="b">.I982 2003</subfield>
      </datafield>
      <datafield tag="082" ind1="0" ind2="4">
         <subfield code="a">915.96</subfield>
      </datafield>
      <datafield tag="100" ind1="1" ind2=" ">
         <subfield code="a">Izu, Kenro.</subfield>
      </datafield>
      <datafield tag="245" ind1="1" ind2="0">
         <subfield code="a">Passage to Angkor /</subfield>
         <subfield code="c">Kenro Izu ; introduction and poems by Helen Ibbitson Jessup.</subfield>
      </datafield>
      <datafield tag="250" ind1=" " ind2=" ">
         <subfield code="a">1st ed.</subfield>
      </datafield>
      <datafield tag="260" ind1=" " ind2=" ">
         <subfield code="a">Santa Fe :</subfield>
         <subfield code="b">Channel Photographics ;</subfield>
         <subfield code="a">Gardena, CA :</subfield>
         <subfield code="b">Distributed by SCB Distributors,</subfield>
         <subfield code="c">2003.</subfield>
      </datafield>
      <datafield tag="300" ind1=" " ind2=" ">
         <subfield code="a">115 p. :</subfield>
         <subfield code="b">ill. ;</subfield>
         <subfield code="c">25 x 32 cm.</subfield>
      </datafield>
      <datafield tag="500" ind1=" " ind2=" ">
         <subfield code="a">ISAW copy is from the library of Natasha Eilenberg.</subfield>
         <subfield code="5">NNU</subfield>
      </datafield>
      <datafield tag="650" ind1=" " ind2="0">
         <subfield code="a">Temples, Khmer</subfield>
         <subfield code="z">Cambodia</subfield>
         <subfield code="z">Angkor (Extinct city)</subfield>
         <subfield code="v">Pictorial works.</subfield>
      </datafield>
      <datafield tag="650" ind1=" " ind2="0">
         <subfield code="a">Architecture, Khmer</subfield>
         <subfield code="z">Cambodia</subfield>
         <subfield code="z">Angkor (Extinct city)</subfield>
         <subfield code="v">Pictorial works.</subfield>
      </datafield>
      <datafield tag="650" ind1=" " ind2="0">
         <subfield code="a">Architectural photography</subfield>
         <subfield code="z">Cambodia</subfield>
         <subfield code="z">Angkor (Extinct city).</subfield>
      </datafield>
      <datafield tag="650" ind1=" " ind2="7">
         <subfield code="a">Architectural photography.</subfield>
         <subfield code="2">fast</subfield>
         <subfield code="0">(OCoLC)fst00813301</subfield>
      </datafield>
      <datafield tag="650" ind1=" " ind2="7">
         <subfield code="a">Architecture, Khmer.</subfield>
         <subfield code="2">fast</subfield>
         <subfield code="0">(OCoLC)fst00813816</subfield>
      </datafield>
      <datafield tag="650" ind1=" " ind2="7">
         <subfield code="a">Temples, Khmer.</subfield>
         <subfield code="2">fast</subfield>
         <subfield code="0">(OCoLC)fst01147447</subfield>
      </datafield>
      <datafield tag="651" ind1=" " ind2="7">
         <subfield code="a">Cambodia</subfield>
         <subfield code="z">Angkor (Extinct city)</subfield>
         <subfield code="2">fast</subfield>
         <subfield code="0">(OCoLC)fst01897045</subfield>
      </datafield>
      <datafield tag="655" ind1=" " ind2="7">
         <subfield code="a">Pictorial works.</subfield>
         <subfield code="2">fast</subfield>
         <subfield code="0">(OCoLC)fst01423874</subfield>
      </datafield>
      <datafield tag="700" ind1="1" ind2=" ">
         <subfield code="a">Jessup, Helen Ibbitson.</subfield>
      </datafield>
      <datafield tag="796" ind1="1" ind2=" ">
         <subfield code="a">Eilenberg, Natasha,</subfield>
         <subfield code="e">donor.</subfield>
      </datafield>
      <datafield tag="797" ind1="2" ind2=" ">
         <subfield code="a">Eilenberg collection.</subfield>
      </datafield>
      <datafield tag="994" ind1=" " ind2=" ">
         <subfield code="a">Z0</subfield>
         <subfield code="b">ZYU</subfield>
      </datafield>
      <datafield tag="OWN" ind1=" " ind2=" ">
         <subfield code="a">GENERAL</subfield>
      </datafield>
      <datafield tag="AVA" ind1=" " ind2=" ">
         <subfield code="a">NYU50</subfield>
         <subfield code="b">NISAW</subfield>
         <subfield code="c">Large Collection</subfield>
         <subfield code="d">NA6021 .I982 2003</subfield>
         <subfield code="e">available</subfield>
         <subfield code="t">Available</subfield>
         <subfield code="f">1</subfield>
         <subfield code="g">0</subfield>
         <subfield code="h">N</subfield>
         <subfield code="i">0</subfield>
         <subfield code="j">LARGE</subfield>
         <subfield code="k">0</subfield>
      </datafield>
      <marc:datafield tag="852" ind1=" " ind2=" ">
         <marc:subfield code="b">Institute for the Study of the Ancient World, </marc:subfield>
         <marc:subfield code="c">Large Collection</marc:subfield>
         <marc:subfield code="e">15 East 84th St., </marc:subfield>
         <marc:subfield code="e">New York, NY  10028</marc:subfield>
      </marc:datafield>
   </record>