
  
  
  
  
  
  
 
  
  <record xsi:schemaLocation="http://www.loc.gov/MARC21/slim http://www.loc.gov/standards/marcxml/schema/MARC21slim.xsd">
      <leader>00000cam  2200409 a 4500</leader>
      <controlfield tag="FMT">BK</controlfield>
      <controlfield tag="LDR">00000cam  2200409 a 4500</controlfield>
      <controlfield tag="001">004094217</controlfield>
      <controlfield tag="003">OCoLC</controlfield>
      <controlfield tag="005">20150120145304.0</controlfield>
      <controlfield tag="008">150120s2001    tu ab    b    000 0 tur d</controlfield>
      <datafield tag="020" ind1=" " ind2=" ">
         <subfield code="a">9754046166</subfield>
      </datafield>
      <datafield tag="020" ind1=" " ind2=" ">
         <subfield code="a">9789754046168</subfield>
      </datafield>
      <datafield tag="035" ind1=" " ind2=" ">
         <subfield code="a">(OCoLC)49776746</subfield>
         <subfield code="z">(OCoLC)49966292</subfield>
         <subfield code="z">(OCoLC)877075540</subfield>
      </datafield>
      <datafield tag="037" ind1=" " ind2=" ">
         <subfield code="a">72336</subfield>
         <subfield code="b">TVG</subfield>
      </datafield>
      <datafield tag="040" ind1=" " ind2=" ">
         <subfield code="a">B9K</subfield>
         <subfield code="b">eng</subfield>
         <subfield code="c">B9K</subfield>
         <subfield code="d">OCLCQ</subfield>
         <subfield code="d">ED</subfield>
         <subfield code="$">dCUY</subfield>
         <subfield code="d">OCLCF</subfield>
         <subfield code="d">TVG</subfield>
         <subfield code="d">OCLCO</subfield>
         <subfield code="d">OCLCQ</subfield>
         <subfield code="d">NNU</subfield>
      </datafield>
      <datafield tag="043" ind1=" " ind2=" ">
         <subfield code="a">a-tu---</subfield>
      </datafield>
      <datafield tag="050" ind1="1" ind2="4">
         <subfield code="a">DR431</subfield>
         <subfield code="b">.I88 2001</subfield>
      </datafield>
      <datafield tag="082" ind1="0" ind2="4">
         <subfield code="a">930.1</subfield>
         <subfield code="2">21</subfield>
      </datafield>
      <datafield tag="245" ind1="0" ind2="0">
         <subfield code="a">İstanbul University contributions to archaeology in Turkey (1932-2000) /</subfield>
         <subfield code="c">edited by Oktay Belli.</subfield>
      </datafield>
      <datafield tag="260" ind1=" " ind2=" ">
         <subfield code="a">İstanbul :</subfield>
         <subfield code="b">T.C. İstanbul Üniversitesi,</subfield>
         <subfield code="c">[2001].</subfield>
      </datafield>
      <datafield tag="300" ind1=" " ind2=" ">
         <subfield code="a">xv, 452 pages :</subfield>
         <subfield code="b">illustrations (chiefly colored), color maps ;</subfield>
         <subfield code="c">32 cm</subfield>
      </datafield>
      <datafield tag="336" ind1=" " ind2=" ">
         <subfield code="a">text</subfield>
         <subfield code="b">txt</subfield>
         <subfield code="2">rdacontent</subfield>
      </datafield>
      <datafield tag="337" ind1=" " ind2=" ">
         <subfield code="a">unmediated</subfield>
         <subfield code="b">n</subfield>
         <subfield code="2">rdamedia</subfield>
      </datafield>
      <datafield tag="338" ind1=" " ind2=" ">
         <subfield code="a">volume</subfield>
         <subfield code="b">nc</subfield>
         <subfield code="2">rdacarrier</subfield>
      </datafield>
      <datafield tag="504" ind1=" " ind2=" ">
         <subfield code="a">Includes bibliographical references.</subfield>
      </datafield>
      <datafield tag="505" ind1="0" ind2="0">
         <subfield code="t">Chronological list of excavations and surveys in Thrace, Anatolia and foreign countries carried out by the members of İstanbul University faculty of letters (1932-2000) --</subfield>
         <subfield code="t">Archaeological excavations.</subfield>
         <subfield code="t">Cave of Yarımburgaz (1988-1990) /</subfield>
         <subfield code="r">Arsebük, Güven --</subfield>
         <subfield code="r">Özbaşaran, Mihriban --</subfield>
         <subfield code="t">Yarımburgaz cave excavations /</subfield>
         <subfield code="r">Özdoğan, Mehmet --</subfield>
         <subfield code="t">Southeast Anatolia joint project and excavations at Çayönü /</subfield>
         <subfield code="r">Özdoğan, Mehmet --</subfield>
         <subfield code="t">Salvage excavations at Aşıklı Höyük /</subfield>
         <subfield code="r">Esin, Ufuk --</subfield>
         <subfield code="t">Mezraa Teleilat excavation /</subfield>
         <subfield code="r">Özdoğan, Mehmet --</subfield>
         <subfield code="t">Obsidian research in Cappadocia and Kömürcü-Kaletepe obsidian workshop excavation /</subfield>
         <subfield code="r">Balkan-Atlı, Nur --</subfield>
         <subfield code="t">Fikirtepe excavation /</subfield>
         <subfield code="r">Özdoğan, Mehmet --</subfield>
         <subfield code="t">Pendik excavation /</subfield>
         <subfield code="r">Özdoğan, Mehmet --</subfield>
         <subfield code="t">Musular excavations /</subfield>
         <subfield code="t">Özbaşaran, Mihriban --</subfield>
         <subfield code="t">Enez Hoca Çeşme excavation /</subfield>
         <subfield code="r">Özdoğan, Mehmet --</subfield>
         <subfield code="t">Surveys in the Burdur region and the Kuruçay Höyük excavations /</subfield>
         <subfield code="r">Duru, Refik --</subfield>
         <subfield code="t">Bedemağaci excavation /</subfield>
         <subfield code="r">Duru, Refik --</subfield>
         <subfield code="t">Kırklareli excavations : Aşaği Pınar and Kanlıgeçit /</subfield>
         <subfield code="r">Özdoğan, Mehmet --</subfield>
         <subfield code="t">Toptepe excavation /</subfield>
         <subfield code="r">Özdoğan, Mehmet --</subfield>
         <subfield code="t">Salvage excavations at Değirmentepe (Malatya) /</subfield>
         <subfield code="r">Esin, Ufuk --</subfield>
         <subfield code="t">Salvage excavations at Tülintepe /</subfield>
         <subfield code="r">Esin, Ufuk --</subfield>
         <subfield code="t">Yumuktepe excavation and surveys in the surrounding region /</subfield>
         <subfield code="r">Sevin, V. --</subfield>
         <subfield code="r">Caneva, I. --</subfield>
         <subfield code="r">Köroğlu, K. --</subfield>
         <subfield code="r">Köroğlu, G. --</subfield>
         <subfield code="t">Güvercinkayası excavation and survey in its environs /</subfield>
         <subfield code="r">Gülçur, Sevil --</subfield>
         <subfield code="t">Survey in the provinces of Kütahya, Bilecik and Eskişehir, and the Orman Fidanlığı salvage excavations /</subfield>
         <subfield code="r">Efe, Turan --</subfield>
         <subfield code="t">Tilkiburnu excavations /</subfield>
         <subfield code="r">Özdoğan, Mehmet --</subfield>
         <subfield code="t">İkiztepe excavations /</subfield>
         <subfield code="r">Bilgi, Önder --</subfield>
         <subfield code="t">Seyitgazi/Küllüoba excavations /</subfield>
         <subfield code="r">Efe, Turan --</subfield>
         <subfield code="t">Salvage excavations at Tepecik /</subfield>
         <subfield code="r">Esin, Ufuk --</subfield>
         <subfield code="t">Elazığ-Değirmentepe excavations /</subfield>
         <subfield code="r">Duru, Refik --</subfield>
         <subfield code="t">Köşkerbaba excavations /</subfield>
         <subfield code="r">Bilgi, Önder --</subfield>
      </datafield>
      <datafield tag="505" ind1="8" ind2="0">
         <subfield code="t">Şemsiyetepe excavations in the lower Euphrates Basin 1978-1989 /</subfield>
         <subfield code="r">Darga, Muhibbe --</subfield>
         <subfield code="t">Lakes region survey and Harmanören excavation /</subfield>
         <subfield code="r">Özsait, Mehmet --</subfield>
         <subfield code="t">Excavations at Gedikli Karahöyük and Kırışkal Höyük /</subfield>
         <subfield code="r">Duru, Refik --</subfield>
         <subfield code="t">Excavations at Taşlıcabayır /</subfield>
         <subfield code="r">Özdoğan, Mehmet --</subfield>
         <subfield code="t">Tilmen Höyük excavations /</subfield>
         <subfield code="r">Duru, Refik --</subfield>
         <subfield code="t">Research at the Yesemek stone quarry and sculpture workshop and excavations at Yesemek Höyük /</subfield>
         <subfield code="r">Duru, Refik --</subfield>
         <subfield code="t">Van-Karagündüz excavations /</subfield>
         <subfield code="r">Sevin, Veli --</subfield>
         <subfield code="r">Özfırat, Aynur --</subfield>
         <subfield code="t">Early Iron Age cemetery in the Van region : Ernis-Evditepe /</subfield>
         <subfield code="r">Belli, Oktay --</subfield>
         <subfield code="t">Excavations of Van-Yoncatepe fortress and necropolis (1997-1999) /</subfield>
         <subfield code="r">Belli, Oktay --</subfield>
         <subfield code="r">Konyar, Erkan --</subfield>
         <subfield code="t">Tushpa-Van fortress : research and excavations at the mysterious Iron Age capital /</subfield>
         <subfield code="r">Tarkan, M. Taner --</subfield>
         <subfield code="t">Excavations at the upper and lower Anzaf Urartian fortresses /</subfield>
         <subfield code="r">Belli, Oktay --</subfield>
         <subfield code="t">Çavuştepe (Sardurihinili) excavations /</subfield>
         <subfield code="r">Belli, Oktay --</subfield>
         <subfield code="t">Van-Altıntepe excavations /</subfield>
         <subfield code="r">Sevin, Veli --</subfield>
         <subfield code="r">Özfırat, Aynur --</subfield>
         <subfield code="t">Excavations at Toprakkale (Rusahinili), second capital of the Urartian Kingdom /</subfield>
         <subfield code="r">Belli, Oktay --</subfield>
         <subfield code="t">Giyimli (Hırkanis) excavation /</subfield>
         <subfield code="r">Belli, Oktay --</subfield>
         <subfield code="t">Karatepe-Aslantaş, a many-sided project /</subfield>
         <subfield code="r">Çambel, Halet --</subfield>
         <subfield code="t">Tumulus excavations in Thrace /</subfield>
         <subfield code="r">Delemen, İnci --</subfield>
         <subfield code="t">Side excavations /</subfield>
         <subfield code="r">Abbasoğlu, Haluk --</subfield>
         <subfield code="t">Perge excavations /</subfield>
         <subfield code="r">Abbasoğlu, Haluk --</subfield>
         <subfield code="t">Rescue excavations in Seleukeia (?)-Lyrbe /</subfield>
         <subfield code="r">Abbasoğlu, Haluk --</subfield>
         <subfield code="t">Excavations at Enez (Ainos) /</subfield>
         <subfield code="r">Başaran, Sait --</subfield>
         <subfield code="t">Tarsus-Donuktaş excavation /</subfield>
         <subfield code="r">Baydur, Nezahat --</subfield>
         <subfield code="t">Elaiussa-Sebaste (Cilicia) and its coins /</subfield>
         <subfield code="r">Tekin, Oğuz --</subfield>
         <subfield code="t">Yalova excavation --</subfield>
         <subfield code="r">Bulgurlu, Selma --</subfield>
         <subfield code="t">Rhegion excavation /</subfield>
         <subfield code="r">Fırat, Nalan --</subfield>
         <subfield code="t">Excavations at Diyarbakır Citadel/Kalehisar/ancient Van Ulu Mosque, and the medieval excavations of İstanbul University in Turkey /</subfield>
         <subfield code="r">Altun, Ara --</subfield>
      </datafield>
      <datafield tag="505" ind1="8" ind2="0">
         <subfield code="t">İznik Excavations /</subfield>
         <subfield code="r">Altun, Ara --</subfield>
         <subfield code="t">Van-Gevaş historical Turkish cemetery rescue excavation, restoration work and environmental arrangement /</subfield>
         <subfield code="r">Tarhan, M. Taner --</subfield>
         <subfield code="t">Çamaltı Burnu I Wreck /</subfield>
         <subfield code="r">Günsenin, Nergis.</subfield>
         <subfield code="t">Archaeological surveys.</subfield>
         <subfield code="t">Discovery of cave paintings in the Van region /</subfield>
         <subfield code="r">Belli, Oktay --</subfield>
         <subfield code="t">Research on the rock art in east Anatolia /</subfield>
         <subfield code="r">Belli, Oktay --</subfield>
         <subfield code="t">Surface survey in the region of Van-Hakkari /</subfield>
         <subfield code="r">Özdoğan, Mehmet --</subfield>
         <subfield code="t">Surface survey of the obsidian sources in Niğde-Nevşehir /</subfield>
         <subfield code="r">Özdoğan, Mehmet --</subfield>
         <subfield code="t">Gökçeada survey /</subfield>
         <subfield code="r">Harmankaya, Savaş --</subfield>
         <subfield code="t">Obsidian deposits and workshops in eastern Anatolia /</subfield>
         <subfield code="r">Belli, Oktay --</subfield>
         <subfield code="t">Marmara region surface survey /</subfield>
         <subfield code="r">Özdoğan, Mehmet --</subfield>
         <subfield code="t">Lower Euphrates surface survey /</subfield>
         <subfield code="r">Özdoğan, Mehmet --</subfield>
         <subfield code="t">Mersin-Yumuktepe Archaeology Park project /</subfield>
         <subfield code="r">Tarhan, M. Taner --</subfield>
         <subfield code="t">Central Black Sea region Gökırmak and Araç/Ilgaz Basins research project /</subfield>
         <subfield code="r">Özdoğan, Aslı --</subfield>
         <subfield code="t">Central Black Sea region survey /</subfield>
         <subfield code="r">Dönmez, Şevket --</subfield>
         <subfield code="t">Surveys in the central Black Sea region /</subfield>
         <subfield code="r">Özsait, Mehmet --</subfield>
         <subfield code="t">Surveys of the İslahiye region /</subfield>
         <subfield code="r">Duru, Refik --</subfield>
         <subfield code="t">Studies on Hittite hieroglyphic seals /</subfield>
         <subfield code="r">Dinçol, Ali M. --</subfield>
         <subfield code="r">Dinçol, Belkıs --</subfield>
         <subfield code="t">Studies in historical geography of the central Taurus /</subfield>
         <subfield code="r">Dinçol, Ali M. --</subfield>
         <subfield code="r">Dinçol, Belkıs --</subfield>
         <subfield code="t">Research on tin deposits in Anatolia /</subfield>
         <subfield code="r">Belli, Oktay --</subfield>
         <subfield code="t">Research on the cultures of east Anatolia in the 2nd millennium BC /</subfield>
         <subfield code="r">Özfırat, Aynur --</subfield>
         <subfield code="t">Archaeological survey on early Iron Age fortresses and necropoleis in northeast Anatolia /</subfield>
         <subfield code="r">Belli, Oktay --</subfield>
         <subfield code="r">Konyar, Erkan --</subfield>
         <subfield code="t">Study on Urartian inscriptions of eastern Anatolia /</subfield>
         <subfield code="r">Dinçol, Ali M. --</subfield>
         <subfield code="r">Dinçol, Belkıs --</subfield>
         <subfield code="t">Greatest metalworking kingdom of the ancient world : Urartu /</subfield>
         <subfield code="r">Belli, Oktay --</subfield>
         <subfield code="t">Research on the "giants' houses" in the south of Van Lake /</subfield>
         <subfield code="r">Belli, Oktay --</subfield>
      </datafield>
      <datafield tag="505" ind1="8" ind2="0">
         <subfield code="t">Monumental rock niches with cuneiform inscriptions of the Urartian Kingdom in the Van region /</subfield>
         <subfield code="r">Belli, Oktay --</subfield>
         <subfield code="t">World's greatest hydraulics engineers : the Urartians /</subfield>
         <subfield code="r">Belli, Oktay --</subfield>
         <subfield code="t">Surveys of monumental Urartian rock signs in east Anatolia /</subfield>
         <subfield code="r">Belli, Oktay --</subfield>
         <subfield code="t">Survey of the Urartian road network in east Anatolia /</subfield>
         <subfield code="r">Belli, Oktay --</subfield>
         <subfield code="t">Urartian stone 1uarries and workshops in the Van region /</subfield>
         <subfield code="r">Belli, Oktay --</subfield>
         <subfield code="t">H. Th. Bossert : Karatepe excavations and the deciphering of the Hittite hieroglyphs /</subfield>
         <subfield code="r">Dinçol, Ali M. --</subfield>
         <subfield code="t">Contributions of Professor Mustafa Kalaç to the Hittite hieroglyphic studies /</subfield>
         <subfield code="r">Dinçol, Ali M. --</subfield>
         <subfield code="t">Research in Termessos /</subfield>
         <subfield code="r">Çelgin, Ahmet Vedat --</subfield>
         <subfield code="t">Research in east and northeast Lycia /</subfield>
         <subfield code="r">Çelgin, Ahmet Vedat --</subfield>
         <subfield code="r">Çelgin, Güler --</subfield>
         <subfield code="t">Epigraphical surveys in Thrace conducted by Z. Taşlıklıoğlu /</subfield>
         <subfield code="r">Çelgin, Güler --</subfield>
         <subfield code="t">My 50 years of research in the Byzantine history of art in Turkey /</subfield>
         <subfield code="r">Eyice, Semavi.</subfield>
         <subfield code="t">Archaeological surveys in foreign countries.</subfield>
         <subfield code="t">istanbul University and Turkey's first international project in archaeology : archaeological surveys in Nakhichevan /</subfield>
         <subfield code="r">Belli, Oktay --</subfield>
         <subfield code="t">Research of Turkic monuments in the Nakhichevan Autonomous Republic /</subfield>
         <subfield code="r">Belli, Oktay --</subfield>
         <subfield code="r">Konyar, H. Banu --</subfield>
         <subfield code="t">Archaeological surveys in Kazakhstan and Kyrgyzstan /</subfield>
         <subfield code="r">Belli, Oktay --</subfield>
         <subfield code="t">Conservation and restoration work on Orhun monuments in Mongolia /</subfield>
         <subfield code="r">Dede, Sait Başaran-Yüksel --</subfield>
         <subfield code="t">Jerusalem in the Ottoman period : the urban texture, its architecture and the art of glazed wall tiles /</subfield>
         <subfield code="r">Arlı, Belgin Demirsar --</subfield>
         <subfield code="t">Murad Reis Mosque Courtyard in Rhodes /</subfield>
         <subfield code="r">Tuncel, Metin --</subfield>
         <subfield code="t">Research on Turkish monuments of the Ottoman period in Rhodes island /</subfield>
         <subfield code="r">Örenç , Ali Fuat --</subfield>
         <subfield code="t">Study of the institutions in the Ottoman town of Philippi /</subfield>
         <subfield code="r">Ersoy, Neriman.</subfield>
      </datafield>
      <datafield tag="610" ind1="2" ind2="0">
         <subfield code="a">İstanbul Üniversitesi.</subfield>
      </datafield>
      <datafield tag="650" ind1=" " ind2="0">
         <subfield code="a">Excavations (Archaeology)</subfield>
         <subfield code="z">Turkey.</subfield>
      </datafield>
      <datafield tag="651" ind1=" " ind2="0">
         <subfield code="a">Turkey</subfield>
         <subfield code="x">Antiquities.</subfield>
      </datafield>
      <datafield tag="650" ind1="0" ind2="4">
         <subfield code="a">Kazı çalışmaları(arkeoloji)</subfield>
         <subfield code="z">Türkiye.</subfield>
      </datafield>
      <datafield tag="651" ind1=" " ind2="4">
         <subfield code="a">Türkiye</subfield>
         <subfield code="x">eski eserler.</subfield>
      </datafield>
      <datafield tag="650" ind1=" " ind2="7">
         <subfield code="a">Antiquities.</subfield>
         <subfield code="2">fast</subfield>
         <subfield code="0">(OCoLC)fst00810745</subfield>
      </datafield>
      <datafield tag="650" ind1=" " ind2="7">
         <subfield code="a">Excavations (Archaeology)</subfield>
         <subfield code="2">fast</subfield>
         <subfield code="0">(OCoLC)fst00917564</subfield>
      </datafield>
      <datafield tag="651" ind1=" " ind2="7">
         <subfield code="a">Turkey.</subfield>
         <subfield code="2">fast</subfield>
         <subfield code="0">(OCoLC)fst01208963</subfield>
      </datafield>
      <datafield tag="700" ind1="1" ind2=" ">
         <subfield code="a">Belli, Oktay</subfield>
         <subfield code="e">editor of compilation.</subfield>
      </datafield>
      <datafield tag="710" ind1="2" ind2=" ">
         <subfield code="a">İstanbul Üniversitesi.</subfield>
      </datafield>
      <datafield tag="994" ind1=" " ind2=" ">
         <subfield code="a">Z0</subfield>
         <subfield code="b">ZYU</subfield>
      </datafield>
      <datafield tag="OWN" ind1=" " ind2=" ">
         <subfield code="a">GENERAL</subfield>
      </datafield>
      <datafield tag="AVA" ind1=" " ind2=" ">
         <subfield code="a">NYU50</subfield>
         <subfield code="b">NISAW</subfield>
         <subfield code="c">Large Collection</subfield>
         <subfield code="d">DR431 .I88 2001</subfield>
         <subfield code="e">available</subfield>
         <subfield code="t">Available</subfield>
         <subfield code="f">1</subfield>
         <subfield code="g">0</subfield>
         <subfield code="h">N</subfield>
         <subfield code="i">0</subfield>
         <subfield code="j">LARGE</subfield>
         <subfield code="k">0</subfield>
      </datafield>
      <marc:datafield tag="852" ind1=" " ind2=" ">
         <marc:subfield code="b">Institute for the Study of the Ancient World, </marc:subfield>
         <marc:subfield code="c">Large Collection</marc:subfield>
         <marc:subfield code="e">15 East 84th St., </marc:subfield>
         <marc:subfield code="e">New York, NY  10028</marc:subfield>
      </marc:datafield>
   </record>