
  
  
  
  
  
  
 
  
  <record xsi:schemaLocation="http://www.loc.gov/MARC21/slim http://www.loc.gov/standards/marcxml/schema/MARC21slim.xsd">
      <leader>00000cam  2200541 a 4500</leader>
      <controlfield tag="FMT">BK</controlfield>
      <controlfield tag="LDR">00000cam  2200541 a 4500</controlfield>
      <controlfield tag="001">004094245</controlfield>
      <controlfield tag="003">OCoLC</controlfield>
      <controlfield tag="005">20150120153628.0</controlfield>
      <controlfield tag="008">150120s2008    tu ab    b    100 0 eng d</controlfield>
      <datafield tag="010" ind1=" " ind2=" ">
         <subfield code="a">2010333498</subfield>
      </datafield>
      <datafield tag="020" ind1=" " ind2=" ">
         <subfield code="a">9789756707203</subfield>
      </datafield>
      <datafield tag="020" ind1=" " ind2=" ">
         <subfield code="a">9756707208</subfield>
      </datafield>
      <datafield tag="035" ind1=" " ind2=" ">
         <subfield code="a">(OCoLC)301953660</subfield>
      </datafield>
      <datafield tag="040" ind1=" " ind2=" ">
         <subfield code="a">CUS</subfield>
         <subfield code="b">eng</subfield>
         <subfield code="c">CUS</subfield>
         <subfield code="d">DLC</subfield>
         <subfield code="d">DEBSZ</subfield>
         <subfield code="d">OCLCO</subfield>
         <subfield code="d">OCLCQ</subfield>
         <subfield code="d">OCLCF</subfield>
         <subfield code="d">OCLCO</subfield>
         <subfield code="d">NNU</subfield>
      </datafield>
      <datafield tag="042" ind1=" " ind2=" ">
         <subfield code="a">lccopycat</subfield>
         <subfield code="a">lcode</subfield>
      </datafield>
      <datafield tag="043" ind1=" " ind2=" ">
         <subfield code="a">a-tu---</subfield>
      </datafield>
      <datafield tag="050" ind1="0" ind2="0">
         <subfield code="a">TN5</subfield>
         <subfield code="b">.I47 2008</subfield>
      </datafield>
      <datafield tag="082" ind1="0" ind2="4">
         <subfield code="a">930</subfield>
      </datafield>
      <datafield tag="090" ind1=" " ind2=" ">
         <subfield code="a">TN111</subfield>
         <subfield code="i">.I47 2008</subfield>
      </datafield>
      <datafield tag="111" ind1="2" ind2=" ">
         <subfield code="a">International Conference AMITEM</subfield>
         <subfield code="d">(2008 :</subfield>
         <subfield code="c">Ankara, Turkey)</subfield>
      </datafield>
      <datafield tag="245" ind1="1" ind2="0">
         <subfield code="a">Ancient mining in Turkey and the eastern Mediterranean /</subfield>
         <subfield code="c">edited by Ünsal Yalçın, Hadi Özbal, A. Günhan Paşamehmetoğlu.</subfield>
      </datafield>
      <datafield tag="260" ind1=" " ind2=" ">
         <subfield code="a">Ankara :</subfield>
         <subfield code="b">Atılım University,</subfield>
         <subfield code="c">2008.</subfield>
      </datafield>
      <datafield tag="300" ind1=" " ind2=" ">
         <subfield code="a">v, 473 pages :</subfield>
         <subfield code="b">illustrations (some color), maps (some color) ;</subfield>
         <subfield code="c">24 cm.</subfield>
      </datafield>
      <datafield tag="336" ind1=" " ind2=" ">
         <subfield code="a">text</subfield>
         <subfield code="b">txt</subfield>
         <subfield code="2">rdacontent</subfield>
      </datafield>
      <datafield tag="337" ind1=" " ind2=" ">
         <subfield code="a">unmediated</subfield>
         <subfield code="b">n</subfield>
         <subfield code="2">rdamedia</subfield>
      </datafield>
      <datafield tag="338" ind1=" " ind2=" ">
         <subfield code="a">volume</subfield>
         <subfield code="b">nc</subfield>
         <subfield code="2">rdacarrier</subfield>
      </datafield>
      <datafield tag="490" ind1="1" ind2=" ">
         <subfield code="a">Turkey Historical Research Applications and Research Center publications ;</subfield>
         <subfield code="v">2</subfield>
      </datafield>
      <datafield tag="500" ind1=" " ind2=" ">
         <subfield code="a">At head of title: International Conference AMITEM 2008, Ancient Mining in Turkey and the eastern Mediterranean, June 15-22, 2008, Ankara, Turkey.</subfield>
      </datafield>
      <datafield tag="500" ind1=" " ind2=" ">
         <subfield code="a">ISAW copy is a gift of Ünsal Yalçın, with inscribed note tipped in.</subfield>
         <subfield code="5">NNU</subfield>
      </datafield>
      <datafield tag="504" ind1=" " ind2=" ">
         <subfield code="a">Includes bibliographical references.</subfield>
      </datafield>
      <datafield tag="505" ind1="0" ind2="0">
         <subfield code="t">Introductory contributions.</subfield>
         <subfield code="t">Beginnings of archaeometallurgical research in Turkey : a personal retrospect /</subfield>
         <subfield code="r">Bachmann, Hans-Gert --</subfield>
         <subfield code="t">Ancient metallurgy in Anatolia /</subfield>
         <subfield code="r">Yalçin, Ünsal.</subfield>
         <subfield code="t">Anatolia : mining and the use of raw materials : metal.</subfield>
         <subfield code="t">Metals in Hittite records /</subfield>
         <subfield code="r">Siegelova, Jana --</subfield>
         <subfield code="t">Revisiting Kestel mine and Goltepe : the dynamics of local provisioning of tin during the early Bronze Age /</subfield>
         <subfield code="r">Yener, K. Aslıhan --</subfield>
         <subfield code="t">Metal technologies during the late Chalcolithic and early Bronze Age in north central Anatolia : İkiztepe a case study /</subfield>
         <subfield code="r">Özbal, Hadi --</subfield>
         <subfield code="r">Pehlivan, Necip --</subfield>
         <subfield code="r">Adriaens, Mieke --</subfield>
         <subfield code="r">Gedik-Uluocak, Bilge --</subfield>
         <subfield code="r">Earl, Bryan --</subfield>
         <subfield code="t">Three best to have in plenty : rethinking central Anatolian early Bronze Age alloying traditions /</subfield>
         <subfield code="r">Zimmerman, Thomas --</subfield>
         <subfield code="r">Yıldırım, Tayfun --</subfield>
         <subfield code="t">Metal objects from Karaz, Pulur and Güzelova excavations : general observation about ancient mining and metallurgy in northeast Anatolia /</subfield>
         <subfield code="r">Işıklı, Mehmet --</subfield>
         <subfield code="t">On the Pactolus alluvial gold of Sardis, Turkey /</subfield>
         <subfield code="r">Geçkinli, E. Emel --</subfield>
         <subfield code="t">Wooden miners’ shovels from the ancient undergraound mines in Anatolia /</subfield>
         <subfield code="r">Kaptan, Ergun --</subfield>
         <subfield code="t">Technological and archaeometallurgical studies on the Urartian swords and daggers /</subfield>
         <subfield code="r">Biber, Hanifi --</subfield>
         <subfield code="r">Sevin, Veli --</subfield>
         <subfield code="r">Yalçin, Ünsal --</subfield>
         <subfield code="t">Technology and metal analyses of Camaltı Burnu I shipwreck iron anchors /</subfield>
         <subfield code="r">Kocobaş, Ufuk.</subfield>
         <subfield code="t">Anatolia : mining and the use of raw materials: non-metal.</subfield>
         <subfield code="t">Prehistoric obsidian mining in Göllü Dağ (central Anatolia) /</subfield>
         <subfield code="r">Atlı, Nur Balkan --</subfield>
         <subfield code="t">Archeological science and salt in prehistoric central Anatolia /</subfield>
         <subfield code="r">Erdoğu, Burçin --</subfield>
         <subfield code="r">Fazlıoğlu, İsmail --</subfield>
         <subfield code="t">Bitumen finds in the Near East /</subfield>
         <subfield code="r">Akın, Enver --</subfield>
         <subfield code="t">Interdisciplinary data base of marble for archaeometric, art historian and restoration use /</subfield>
         <subfield code="r">Zöldföldi, Judit --</subfield>
         <subfield code="r">Hegedüs, Péter --</subfield>
         <subfield code="r">Székely, Balázs.</subfield>
      </datafield>
      <datafield tag="505" ind1="8" ind2="0">
         <subfield code="t">Neighbours of Anatolia : mining and the use of raw materials : metal and non-metal.</subfield>
         <subfield code="t">Archaeometallurgical surveys in the eastern Rhodopes 2004-2006 : results and perspectives for development /</subfield>
         <subfield code="r">Jockenhövel, Albrecht --</subfield>
         <subfield code="r">Popov, Hirsto --</subfield>
         <subfield code="t">Earliest gold mining of the ancient world? /</subfield>
         <subfield code="r">Stöllner, Thomas --</subfield>
         <subfield code="r">Gambaschidze, Irina --</subfield>
         <subfield code="r">Haputmann, Andreas --</subfield>
         <subfield code="t">Glass incrusted ancient artefacts from georgia (Brili and Samtavro burial grounds) /</subfield>
         <subfield code="r">Sulava, Nino --</subfield>
         <subfield code="r">Kalandadze, Nino --</subfield>
         <subfield code="t">On a small mould discovered in mountainous Colchida /</subfield>
         <subfield code="r">Sulava, Nino --</subfield>
         <subfield code="t">New insights into the ancient mining and metallurgical researches in Iran /</subfield>
         <subfield code="r">Nezafati, Nima --</subfield>
         <subfield code="r">Momenzadeh, Morteza --</subfield>
         <subfield code="r">Pernicka, Ernst --</subfield>
         <subfield code="t">Evidence on the ancient mining and metallurgy at Tappeh Sialk (central Iran) /</subfield>
         <subfield code="r">Nezafati, Nima --</subfield>
         <subfield code="r">Pernicka, Ernst --</subfield>
         <subfield code="r">Shahmirzadi, Sadegh Malek --</subfield>
         <subfield code="t">comparative analysis of polymetallic ore sources with respect to archaeometallurgical melting process in Lasoleyman area closed by Meymand cave dwelling village, Kerman, dentral Iran /</subfield>
         <subfield code="r">Emami, S. Mohammadamin --</subfield>
         <subfield code="r">Oudbashi, Omid --</subfield>
         <subfield code="t">Ancient stone quarry in Chehel Maran closed by Kangavar arrchaeological complex (Anahita Temple), west of Iran /</subfield>
         <subfield code="r">Oudbashi, Omid --</subfield>
      </datafield>
      <datafield tag="505" ind1="8" ind2="0">
         <subfield code="t">Ancient calcite sinter ("Alabaster") mines and limestone quarries near the Sabaean city of Sirwâh (Marib province, Yemen) /</subfield>
         <subfield code="r">Kirnbauer, Thomas --</subfield>
         <subfield code="t">Wind-powered copper smelting technology from the 3rd millennium BC at Feinan/Jordan /</subfield>
         <subfield code="r">Bunk, Wolfgang --</subfield>
         <subfield code="r">Haptmann, Andreas --</subfield>
         <subfield code="r">Kölschbach, Stephan --</subfield>
         <subfield code="r">Woelk, Günter --</subfield>
         <subfield code="t">Iron ore mine of Mugharet el-Wardeh/Jordan in southern Bilad el-Sham : excavations and new dating /</subfield>
         <subfield code="r">Alamri, Yosha --</subfield>
         <subfield code="r">Haptmann, Andreas --</subfield>
         <subfield code="t">Study of mining methods and ventilation during the Egyptian period at the mines of Timna /</subfield>
         <subfield code="r">Shaw, C. Tim --</subfield>
         <subfield code="r">Durucan, Şevket --</subfield>
         <subfield code="t">Complete Iron Age copper smelting furnace from Cyprus : reconstructed, digitised and virtualized /</subfield>
         <subfield code="r">Fasnacht, Walter --</subfield>
         <subfield code="r">Rechenmacher, Daniel --</subfield>
         <subfield code="r">Hack, Erwin.</subfield>
      </datafield>
      <datafield tag="650" ind1=" " ind2="0">
         <subfield code="a">Mining engineering</subfield>
         <subfield code="z">Turkey</subfield>
         <subfield code="x">History</subfield>
         <subfield code="v">Congresses.</subfield>
      </datafield>
      <datafield tag="650" ind1=" " ind2="0">
         <subfield code="a">Mining engineering</subfield>
         <subfield code="z">Middle East</subfield>
         <subfield code="x">History</subfield>
         <subfield code="v">Congresses.</subfield>
      </datafield>
      <datafield tag="651" ind1=" " ind2="0">
         <subfield code="a">Turkey</subfield>
         <subfield code="x">Antiquities</subfield>
         <subfield code="v">Congresses.</subfield>
      </datafield>
      <datafield tag="651" ind1=" " ind2="0">
         <subfield code="a">Middle East</subfield>
         <subfield code="x">Antiquities</subfield>
         <subfield code="v">Congresses.</subfield>
      </datafield>
      <datafield tag="650" ind1=" " ind2="7">
         <subfield code="a">Mining engineering.</subfield>
         <subfield code="2">fast</subfield>
         <subfield code="0">(OCoLC)fst01022890</subfield>
      </datafield>
      <datafield tag="651" ind1=" " ind2="7">
         <subfield code="a">Middle East.</subfield>
         <subfield code="2">fast</subfield>
         <subfield code="0">(OCoLC)fst01241586</subfield>
      </datafield>
      <datafield tag="651" ind1=" " ind2="7">
         <subfield code="a">Turkey.</subfield>
         <subfield code="2">fast</subfield>
         <subfield code="0">(OCoLC)fst01208963</subfield>
      </datafield>
      <datafield tag="655" ind1=" " ind2="7">
         <subfield code="a">Conference proceedings.</subfield>
         <subfield code="2">fast</subfield>
         <subfield code="0">(OCoLC)fst01423772</subfield>
      </datafield>
      <datafield tag="655" ind1=" " ind2="7">
         <subfield code="a">History.</subfield>
         <subfield code="2">fast</subfield>
         <subfield code="0">(OCoLC)fst01411628</subfield>
      </datafield>
      <datafield tag="700" ind1="1" ind2=" ">
         <subfield code="a">Yalçin, Ünsal.</subfield>
      </datafield>
      <datafield tag="700" ind1="1" ind2=" ">
         <subfield code="a">Özbal, Hadi.</subfield>
      </datafield>
      <datafield tag="700" ind1="1" ind2=" ">
         <subfield code="a">Paşamehmetoğlu, A. G.</subfield>
         <subfield code="q">(A. Günhan)</subfield>
      </datafield>
      <datafield tag="830" ind1=" " ind2="0">
         <subfield code="a">Turkey historical research applications and research center publications ;</subfield>
         <subfield code="v">2.</subfield>
      </datafield>
      <datafield tag="994" ind1=" " ind2=" ">
         <subfield code="a">Z0</subfield>
         <subfield code="b">ZYU</subfield>
      </datafield>
      <datafield tag="OWN" ind1=" " ind2=" ">
         <subfield code="a">GENERAL</subfield>
      </datafield>
      <datafield tag="AVA" ind1=" " ind2=" ">
         <subfield code="a">NYU50</subfield>
         <subfield code="b">NISAW</subfield>
         <subfield code="c">Small Collection</subfield>
         <subfield code="d">TN111 .I47 2008</subfield>
         <subfield code="e">available</subfield>
         <subfield code="t">Available</subfield>
         <subfield code="f">1</subfield>
         <subfield code="g">0</subfield>
         <subfield code="h">N</subfield>
         <subfield code="i">0</subfield>
         <subfield code="j">SMALL</subfield>
         <subfield code="k">0</subfield>
      </datafield>
      <marc:datafield tag="852" ind1=" " ind2=" ">
         <marc:subfield code="b">Institute for the Study of the Ancient World, </marc:subfield>
         <marc:subfield code="c">Small Collection</marc:subfield>
         <marc:subfield code="e">15 East 84th St., </marc:subfield>
         <marc:subfield code="e">New York, NY  10028</marc:subfield>
      </marc:datafield>
   </record>