
  
  
  
  
  
 
  
  <record xsi:schemaLocation="http://www.loc.gov/MARC21/slim http://www.loc.gov/standards/marcxml/schema/MARC21slim.xsd">
      <leader>00000cam  2200733 a 4500</leader>
      <controlfield tag="FMT">BK</controlfield>
      <controlfield tag="LDR">00000cam  2200733 a 4500</controlfield>
      <controlfield tag="001">004095593</controlfield>
      <controlfield tag="003">OCoLC</controlfield>
      <controlfield tag="005">20150121144205.0</controlfield>
      <controlfield tag="008">150121s1997    enkab    b    100 0 eng d</controlfield>
      <datafield tag="015" ind1=" " ind2=" ">
         <subfield code="a">b97X4855</subfield>
      </datafield>
      <datafield tag="020" ind1=" " ind2=" ">
         <subfield code="a">0728602733</subfield>
      </datafield>
      <datafield tag="020" ind1=" " ind2=" ">
         <subfield code="a">9780728602731</subfield>
      </datafield>
      <datafield tag="035" ind1=" " ind2=" ">
         <subfield code="a">(OCoLC)37607556</subfield>
         <subfield code="z">(OCoLC)877254264</subfield>
      </datafield>
      <datafield tag="040" ind1=" " ind2=" ">
         <subfield code="a">CGU</subfield>
         <subfield code="b">eng</subfield>
         <subfield code="c">CGU</subfield>
         <subfield code="d">UMC</subfield>
         <subfield code="d">OCL</subfield>
         <subfield code="d">NLGGC</subfield>
         <subfield code="d">STF</subfield>
         <subfield code="d">NLE</subfield>
         <subfield code="d">YDXCP</subfield>
         <subfield code="d">OCLCQ</subfield>
         <subfield code="d">ZWZ</subfield>
         <subfield code="d">OCLCF</subfield>
         <subfield code="d">OCLCO</subfield>
         <subfield code="d">NNU</subfield>
      </datafield>
      <datafield tag="043" ind1=" " ind2=" ">
         <subfield code="a">a-cc---</subfield>
      </datafield>
      <datafield tag="050" ind1=" " ind2="4">
         <subfield code="a">NK5750.2.C6</subfield>
         <subfield code="b">C455 1995</subfield>
      </datafield>
      <datafield tag="066" ind1=" " ind2=" ">
         <subfield code="c">$1</subfield>
      </datafield>
      <datafield tag="082" ind1="0" ind2="4">
         <subfield code="a">736.240951</subfield>
         <subfield code="2">21</subfield>
      </datafield>
      <datafield tag="084" ind1=" " ind2=" ">
         <subfield code="a">21.97</subfield>
         <subfield code="2">bcl</subfield>
      </datafield>
      <datafield tag="245" ind1="0" ind2="0">
         <subfield code="a">Chinese jades /</subfield>
         <subfield code="c">edited by Rosemary E. Scott.</subfield>
      </datafield>
      <datafield tag="246" ind1="1" ind2=" ">
         <subfield code="6">880-01</subfield>
         <subfield code="i">Cover title also in Chinese:</subfield>
         <subfield code="a">Zhongguo yu qi</subfield>
      </datafield>
      <datafield tag="260" ind1=" " ind2=" ">
         <subfield code="a">London :</subfield>
         <subfield code="b">Percival David Foundation of Chinese Art,</subfield>
         <subfield code="c">c1997.</subfield>
      </datafield>
      <datafield tag="300" ind1=" " ind2=" ">
         <subfield code="a">261 pages :</subfield>
         <subfield code="b">illustrations, maps ;</subfield>
         <subfield code="c">28 cm.</subfield>
      </datafield>
      <datafield tag="336" ind1=" " ind2=" ">
         <subfield code="a">text</subfield>
         <subfield code="b">txt</subfield>
         <subfield code="2">rdacontent</subfield>
      </datafield>
      <datafield tag="337" ind1=" " ind2=" ">
         <subfield code="a">unmediated</subfield>
         <subfield code="b">n</subfield>
         <subfield code="2">rdamedia</subfield>
      </datafield>
      <datafield tag="338" ind1=" " ind2=" ">
         <subfield code="a">volume</subfield>
         <subfield code="b">nc</subfield>
         <subfield code="2">rdacarrier</subfield>
      </datafield>
      <datafield tag="490" ind1="1" ind2=" ">
         <subfield code="a">Colloquies on art &amp; archaeology in Asia ;</subfield>
         <subfield code="v">no. 18</subfield>
      </datafield>
      <datafield tag="500" ind1=" " ind2=" ">
         <subfield code="a">"Proceedings of the 18th Percival David Foundation colloquy on art &amp; archaeology in Asia ... in 1995 ... in association with British Museum"--P. 6.</subfield>
      </datafield>
      <datafield tag="504" ind1=" " ind2=" ">
         <subfield code="a">Includes bibliographical references.</subfield>
      </datafield>
      <datafield tag="505" ind1="0" ind2="0">
         <subfield code="t">Foreword /</subfield>
         <subfield code="r">Scott, Rosemary E. --</subfield>
         <subfield code="t">Theory of the three origins of jade culture in ancient China /</subfield>
         <subfield code="r">Teng Shu-p'ing --</subfield>
         <subfield code="t">Understanding the burial rituals of the Hongshan Culture through jade /</subfield>
         <subfield code="r">Guo Dashun (edited by Ming Wilson) --</subfield>
         <subfield code="t">Study of jades of the Liangzhu Culture: the functions of Liangzhu jade based on evidence from tomb no. 20 at Fanshan /</subfield>
         <subfield code="r">Wang Mingda (edited by Ming Wilson) --</subfield>
         <subfield code="t">Chronology of Liangzhu jades /</subfield>
         <subfield code="r">Sun Zhixin --</subfield>
         <subfield code="t">Archaeological investigation into the function of the jade Bi and Cong /</subfield>
         <subfield code="r">Mou Yongkang (edited by Ming Wilson) --</subfield>
         <subfield code="t">Jade styles of the Erlitou Culture /</subfield>
         <subfield code="r">Yang Mei-li --</subfield>
         <subfield code="t">Jade and stone epigraphy from the Shang and early Zhou periods /</subfield>
         <subfield code="r">Li Xueqin (edited by Ming Wilson) --</subfield>
         <subfield code="t">Geoarchaeological study of Chinese archaic jade /</subfield>
         <subfield code="r">Wen Guang and Jing Zhichun --</subfield>
         <subfield code="t">Alteration of Yu artefacts /</subfield>
         <subfield code="r">Tsien Hsien Hou and Tan Li ping --</subfield>
         <subfield code="t">Face of the other world: jade face-covers from ancient tombs /</subfield>
         <subfield code="r">Wang Tao and Liu Yu --</subfield>
         <subfield code="t">Prince of jade revisited : the materials symbolism of jade as observed in Mancheng tombs /</subfield>
         <subfield code="r">Wu Hung --</subfield>
         <subfield code="t">Reuse of ancient jades /</subfield>
         <subfield code="r">Lawson, Jessica --</subfield>
         <subfield code="t">Jade carving in China from the tenth to fourteenth centuries /</subfield>
         <subfield code="r">Watt, James C.Y. --</subfield>
         <subfield code="t">Idea of Gu Yu (archaic jades) in Ming and Qing texts /</subfield>
         <subfield code="r">Clunas, Craig --</subfield>
         <subfield code="t">Ferdinand Schiller-jade collector, 1915-31 /</subfield>
         <subfield code="r">Hardie, Peter --</subfield>
         <subfield code="t">Archival perspective on the Sonnenschein collection /</subfield>
         <subfield code="r">Pearlstein, Elinor.</subfield>
      </datafield>
      <datafield tag="650" ind1=" " ind2="0">
         <subfield code="a">Jade art objects</subfield>
         <subfield code="z">China</subfield>
         <subfield code="v">Congresses.</subfield>
      </datafield>
      <datafield tag="650" ind1=" " ind2="0">
         <subfield code="a">Jade</subfield>
         <subfield code="z">China</subfield>
         <subfield code="v">Congresses.</subfield>
      </datafield>
      <datafield tag="650" ind1="1" ind2="7">
         <subfield code="a">Jade (edelsteen)</subfield>
         <subfield code="2">gtt</subfield>
      </datafield>
      <datafield tag="650" ind1=" " ind2="7">
         <subfield code="a">Jades</subfield>
         <subfield code="z">Chine</subfield>
         <subfield code="x">Actes de congrès.</subfield>
         <subfield code="2">ram</subfield>
      </datafield>
      <datafield tag="650" ind1=" " ind2="7">
         <subfield code="a">Jade art objects.</subfield>
         <subfield code="2">fast</subfield>
         <subfield code="0">(OCoLC)fst00981069</subfield>
      </datafield>
      <datafield tag="651" ind1=" " ind2="7">
         <subfield code="a">China.</subfield>
         <subfield code="2">fast</subfield>
         <subfield code="0">(OCoLC)fst01206073</subfield>
      </datafield>
      <datafield tag="655" ind1=" " ind2="7">
         <subfield code="a">Conference proceedings.</subfield>
         <subfield code="2">fast</subfield>
         <subfield code="0">(OCoLC)fst01423772</subfield>
      </datafield>
      <datafield tag="700" ind1="1" ind2=" ">
         <subfield code="a">Scott, Rosemary E.</subfield>
         <subfield code="e">editor.</subfield>
      </datafield>
      <datafield tag="710" ind1="2" ind2=" ">
         <subfield code="a">Percival David Foundation of Chinese Art</subfield>
         <subfield code="e">organizer.</subfield>
      </datafield>
      <datafield tag="710" ind1="2" ind2=" ">
         <subfield code="a">British Museum</subfield>
         <subfield code="e">organizer.</subfield>
      </datafield>
      <datafield tag="776" ind1="0" ind2="8">
         <subfield code="i">Online version:</subfield>
         <subfield code="t">Chinese jades.</subfield>
         <subfield code="d">London : Percival David Foundation of Chinese Art, c1997</subfield>
         <subfield code="w">(OCoLC)741712066</subfield>
      </datafield>
      <datafield tag="880" ind1="1" ind2=" ">
         <subfield code="6">246-01/</subfield>
         <subfield code="i">Cover title also in Chinese:</subfield>
         <subfield code="a">中國玉器</subfield>
      </datafield>
      <datafield tag="830" ind1=" " ind2="0">
         <subfield code="a">Colloquies on art &amp; archaeology in Asia ;</subfield>
         <subfield code="v">no. 18.</subfield>
      </datafield>
      <datafield tag="994" ind1=" " ind2=" ">
         <subfield code="a">Z0</subfield>
         <subfield code="b">ZYU</subfield>
      </datafield>
      <datafield tag="OWN" ind1=" " ind2=" ">
         <subfield code="a">GENERAL</subfield>
      </datafield>
      <datafield tag="AVA" ind1=" " ind2=" ">
         <subfield code="a">NYU50</subfield>
         <subfield code="b">NISAW</subfield>
         <subfield code="c">Large Collection</subfield>
         <subfield code="d">NK5750.2.C6 C455 1995</subfield>
         <subfield code="e">available</subfield>
         <subfield code="t">Available</subfield>
         <subfield code="f">1</subfield>
         <subfield code="g">0</subfield>
         <subfield code="h">N</subfield>
         <subfield code="i">0</subfield>
         <subfield code="j">LARGE</subfield>
         <subfield code="k">0</subfield>
      </datafield>
      <marc:datafield tag="852" ind1=" " ind2=" ">
         <marc:subfield code="b">Institute for the Study of the Ancient World, </marc:subfield>
         <marc:subfield code="c">Large Collection</marc:subfield>
         <marc:subfield code="e">15 East 84th St., </marc:subfield>
         <marc:subfield code="e">New York, NY  10028</marc:subfield>
      </marc:datafield>
   </record>