
  
  
  
  
  
  
 
  
  <record xsi:schemaLocation="http://www.loc.gov/MARC21/slim http://www.loc.gov/standards/marcxml/schema/MARC21slim.xsd">
      <leader>00000cam a22      a 4500</leader>
      <controlfield tag="FMT">BK</controlfield>
      <controlfield tag="LDR">00000cam a22      a 4500</controlfield>
      <controlfield tag="001">004095838</controlfield>
      <controlfield tag="005">20150122120020.0</controlfield>
      <controlfield tag="008">150122s1987    ir af    b    001 0 perrd</controlfield>
      <datafield tag="010" ind1=" " ind2=" ">
         <subfield code="a">   88930530</subfield>
      </datafield>
      <datafield tag="020" ind1=" " ind2=" ">
         <subfield code="a">9644230515</subfield>
      </datafield>
      <datafield tag="020" ind1=" " ind2=" ">
         <subfield code="a">9789644230516</subfield>
      </datafield>
      <datafield tag="035" ind1=" " ind2=" ">
         <subfield code="a">(OCoLC)19857487</subfield>
         <subfield code="z">(OCoLC)18172182</subfield>
         <subfield code="z">(OCoLC)33012269</subfield>
      </datafield>
      <datafield tag="040" ind1=" " ind2=" ">
         <subfield code="a">NYP</subfield>
         <subfield code="b">eng</subfield>
         <subfield code="c">NYP</subfield>
         <subfield code="d">OSU</subfield>
         <subfield code="d">DLC</subfield>
         <subfield code="d">OCLCG</subfield>
         <subfield code="d">CUY</subfield>
         <subfield code="d">CGU</subfield>
         <subfield code="d">OCLCA</subfield>
         <subfield code="d">NNU</subfield>
      </datafield>
      <datafield tag="043" ind1=" " ind2=" ">
         <subfield code="a">a-ir---</subfield>
      </datafield>
      <datafield tag="050" ind1=" " ind2="4">
         <subfield code="a">DS258</subfield>
         <subfield code="b">.S24 1987</subfield>
      </datafield>
      <datafield tag="100" ind1="1" ind2=" ">
         <subfield code="6">880-01</subfield>
         <subfield code="a">Nāʼīnī, ʻAlī Khān,</subfield>
         <subfield code="d">1830 or 1831-1901.</subfield>
      </datafield>
      <datafield tag="245" ind1="1" ind2="0">
         <subfield code="6">880-02</subfield>
         <subfield code="a">Guzārish-i Kavīr :</subfield>
         <subfield code="b">safarnāmah-i Ṣafāʼ al-Salṭanah-ʼi Nāʼīnī : (tuḥfat al-fuqarāʼ) /</subfield>
         <subfield code="c">nivishtah-ʼi ʻAlī Khān Nāʼīnī (Ṣafā al-Salṭanah) ; bih ihtimām-i Muḥammad Gulbun.</subfield>
      </datafield>
      <datafield tag="250" ind1=" " ind2=" ">
         <subfield code="6">880-03</subfield>
         <subfield code="a">Chāp-i 1.</subfield>
      </datafield>
      <datafield tag="260" ind1=" " ind2=" ">
         <subfield code="6">880-04</subfield>
         <subfield code="a">Tihrān :</subfield>
         <subfield code="b">Iṭṭilāʻāt,</subfield>
         <subfield code="c">1366 [1987]</subfield>
      </datafield>
      <datafield tag="300" ind1=" " ind2=" ">
         <subfield code="a">13, 163 p., [38] p. of plates :</subfield>
         <subfield code="b">ill. ;</subfield>
         <subfield code="c">24 cm.</subfield>
      </datafield>
      <datafield tag="500" ind1=" " ind2=" ">
         <subfield code="a">Spine title: Safarnāmah-ʼi Ṣafāʼ va [sic] al-Salṭanah-ʼi Nāʼīnī.</subfield>
      </datafield>
      <datafield tag="500" ind1=" " ind2=" ">
         <subfield code="a">"Az rāh-i rubāṭāt: Mashhad, Turbat Ḥaydarīyah, Ṭabas, Yazd, Nāʼīn, Ardista̲n, Kāshān, Qum, Tihrān"--Cover.</subfield>
      </datafield>
      <datafield tag="500" ind1=" " ind2=" ">
         <subfield code="a">"Īn safarnāmah ... bih nām-i 'Safarnāmah-ʼi Khurāsān', 'Rūznāmah-ʼi safar-i Khurāsān', 'Safarnāmah-ʼi Khurāsān va ʻIrāq-i ʻAjam' ... mawsūm ast"--P. 12.</subfield>
      </datafield>
      <datafield tag="500" ind1=" " ind2=" ">
         <subfield code="a">In Persian.</subfield>
      </datafield>
      <datafield tag="504" ind1=" " ind2=" ">
         <subfield code="a">Bibliography: p. [162]-163.</subfield>
      </datafield>
      <datafield tag="651" ind1=" " ind2="0">
         <subfield code="a">Iran</subfield>
         <subfield code="x">Description and travel.</subfield>
      </datafield>
      <datafield tag="600" ind1="1" ind2="0">
         <subfield code="a">Nāʼīnī, ʻAlī Khān,</subfield>
         <subfield code="d">1830 or 1831-1901</subfield>
         <subfield code="x">Travel</subfield>
         <subfield code="z">Iran.</subfield>
      </datafield>
      <datafield tag="700" ind1="1" ind2=" ">
         <subfield code="6">880-05</subfield>
         <subfield code="a">Gulbun, Muḥammad.</subfield>
      </datafield>
      <datafield tag="740" ind1="0" ind2=" ">
         <subfield code="6">880-06</subfield>
         <subfield code="a">Safarnāmah-i Ṣafāʼ al-Salṭanah-ʼi Nāʼīnī.</subfield>
      </datafield>
      <datafield tag="740" ind1="0" ind2=" ">
         <subfield code="6">880-07</subfield>
         <subfield code="a">Tuḥfat al-fuqarāʼ.</subfield>
      </datafield>
      <datafield tag="740" ind1="0" ind2=" ">
         <subfield code="6">880-08</subfield>
         <subfield code="a">Safarnāmah-ʼi Khurāsān.</subfield>
      </datafield>
      <datafield tag="740" ind1="0" ind2=" ">
         <subfield code="6">880-09</subfield>
         <subfield code="a">Rūznāmah-ʼi safar-i Khurāsān.</subfield>
      </datafield>
      <datafield tag="740" ind1="0" ind2=" ">
         <subfield code="6">880-10</subfield>
         <subfield code="a">Safarnāmah-ʼi Khurāsān va ʻIrāq-i ʻAjam.</subfield>
      </datafield>
      <datafield tag="776" ind1="0" ind2="8">
         <subfield code="i">Online version:</subfield>
         <subfield code="a">Nāʼīnī, ʻAlī Khān, 1830 or 31-1901.</subfield>
         <subfield code="t">Guzārish-i Kavīr.</subfield>
         <subfield code="b">Chāp-i 1.</subfield>
         <subfield code="d">Tihrān : Iṭṭilāʻāt, 1366 [1987]</subfield>
         <subfield code="w">(OCoLC)570601259</subfield>
      </datafield>
      <datafield tag="776" ind1="0" ind2="8">
         <subfield code="i">Online version:</subfield>
         <subfield code="a">Nāʼīnī, ʻAlī Khān, 1830 or 31-1901.</subfield>
         <subfield code="t">Guzārish-i Kavīr.</subfield>
         <subfield code="b">Chāp-i 1.</subfield>
         <subfield code="d">Tihrān : Iṭṭilāʻāt, 1366 [1987]</subfield>
         <subfield code="w">(OCoLC)607921250</subfield>
      </datafield>
      <datafield tag="880" ind1="1" ind2=" ">
         <subfield code="6">100-01/</subfield>
         <subfield code="a">صفاء السلطنه، على خان نائينى.</subfield>
      </datafield>
      <datafield tag="880" ind1="1" ind2="0">
         <subfield code="6">245-02/</subfield>
         <subfield code="a">گزارش كوير :</subfield>
         <subfield code="b">سفرنامه صفاء السلطنه نائينى : (تحفة الفقراء) /</subfield>
         <subfield code="c">نوشته على خان نائينى (صفاء السلطنه) ؛ به اهتمام محمد گلبن.</subfield>
      </datafield>
      <datafield tag="880" ind1=" " ind2=" ">
         <subfield code="6">250-03/</subfield>
         <subfield code="a">چاپ ١.</subfield>
      </datafield>
      <datafield tag="880" ind1=" " ind2=" ">
         <subfield code="6">260-04/</subfield>
         <subfield code="a">تهران :اطلاعات،</subfield>
         <subfield code="c">٦٦٣١.</subfield>
      </datafield>
      <datafield tag="880" ind1="1" ind2=" ">
         <subfield code="6">700-05/</subfield>
         <subfield code="a">گلبن، محمد.</subfield>
      </datafield>
      <datafield tag="880" ind1="0" ind2=" ">
         <subfield code="6">740-06/</subfield>
         <subfield code="a">سفرنامۀ صفاء السلطنه نائينى.</subfield>
      </datafield>
      <datafield tag="880" ind1="0" ind2=" ">
         <subfield code="6">740-07/</subfield>
         <subfield code="a">تحفة الفقراء.</subfield>
      </datafield>
      <datafield tag="880" ind1="0" ind2=" ">
         <subfield code="6">740-08/</subfield>
         <subfield code="a">سفرنامه خراسان.</subfield>
      </datafield>
      <datafield tag="880" ind1="0" ind2=" ">
         <subfield code="6">740-09/</subfield>
         <subfield code="a">روزنامه سفر خراسان.</subfield>
      </datafield>
      <datafield tag="880" ind1="0" ind2=" ">
         <subfield code="6">740-10/</subfield>
         <subfield code="a">سفرنامه خراسان و عراق اجم.</subfield>
      </datafield>
      <datafield tag="OWN" ind1=" " ind2=" ">
         <subfield code="a">GENERAL</subfield>
      </datafield>
      <datafield tag="AVA" ind1=" " ind2=" ">
         <subfield code="a">NYU50</subfield>
         <subfield code="b">NISAW</subfield>
         <subfield code="c">Small Collection</subfield>
         <subfield code="d">DS255 .N35 1987</subfield>
         <subfield code="e">available</subfield>
         <subfield code="t">Available</subfield>
         <subfield code="f">1</subfield>
         <subfield code="g">0</subfield>
         <subfield code="h">N</subfield>
         <subfield code="i">0</subfield>
         <subfield code="j">SMALL</subfield>
         <subfield code="k">0</subfield>
      </datafield>
      <marc:datafield tag="852" ind1=" " ind2=" ">
         <marc:subfield code="b">Institute for the Study of the Ancient World, </marc:subfield>
         <marc:subfield code="c">Small Collection</marc:subfield>
         <marc:subfield code="e">15 East 84th St., </marc:subfield>
         <marc:subfield code="e">New York, NY  10028</marc:subfield>
      </marc:datafield>
   </record>