
  
  
  
  
  
 
  
  <record xsi:schemaLocation="http://www.loc.gov/MARC21/slim http://www.loc.gov/standards/marcxml/schema/MARC21slim.xsd">
      <leader>00000cam  2200841 a 4500</leader>
      <controlfield tag="FMT">BK</controlfield>
      <controlfield tag="LDR">00000cam  2200841 a 4500</controlfield>
      <controlfield tag="001">000022634</controlfield>
      <controlfield tag="003">OCoLC</controlfield>
      <controlfield tag="005">20150123092610.0</controlfield>
      <controlfield tag="008">080306s2007    enkabf   b    001 0 eng</controlfield>
      <datafield tag="015" ind1=" " ind2=" ">
         <subfield code="a">GBA853127</subfield>
         <subfield code="2">bnb</subfield>
      </datafield>
      <datafield tag="016" ind1="7" ind2=" ">
         <subfield code="a">014539899</subfield>
         <subfield code="2">Uk</subfield>
      </datafield>
      <datafield tag="020" ind1=" " ind2=" ">
         <subfield code="a">9780856981777</subfield>
      </datafield>
      <datafield tag="020" ind1=" " ind2=" ">
         <subfield code="a">085698177X</subfield>
      </datafield>
      <datafield tag="020" ind1=" " ind2=" ">
         <subfield code="z">978085698177</subfield>
      </datafield>
      <datafield tag="035" ind1=" " ind2=" ">
         <subfield code="a">(OCoLC)222146787</subfield>
         <subfield code="z">(OCoLC)185032787</subfield>
      </datafield>
      <datafield tag="040" ind1=" " ind2=" ">
         <subfield code="a">UKM</subfield>
         <subfield code="b">eng</subfield>
         <subfield code="c">UKM</subfield>
         <subfield code="d">BAKER</subfield>
         <subfield code="d">TXA</subfield>
         <subfield code="d">BWX</subfield>
         <subfield code="d">YDXCP</subfield>
         <subfield code="d">BTCTA</subfield>
         <subfield code="d">NDD</subfield>
         <subfield code="d">GEBAY</subfield>
         <subfield code="d">CDX</subfield>
         <subfield code="d">UKMGB</subfield>
         <subfield code="d">FDA</subfield>
         <subfield code="d">UBY</subfield>
         <subfield code="d">OCLCF</subfield>
         <subfield code="d">DEBSZ</subfield>
         <subfield code="d">OCLCQ</subfield>
         <subfield code="d">OCLCO</subfield>
         <subfield code="d">NNU</subfield>
      </datafield>
      <datafield tag="041" ind1="1" ind2=" ">
         <subfield code="a">eng</subfield>
         <subfield code="a">grc</subfield>
         <subfield code="h">grc</subfield>
      </datafield>
      <datafield tag="042" ind1=" " ind2=" ">
         <subfield code="a">pcc</subfield>
         <subfield code="a">ukblsr</subfield>
      </datafield>
      <datafield tag="043" ind1=" " ind2=" ">
         <subfield code="a">f-ua---</subfield>
      </datafield>
      <datafield tag="050" ind1=" " ind2="4">
         <subfield code="a">DT73.O8</subfield>
         <subfield code="b">O89 2007</subfield>
      </datafield>
      <datafield tag="082" ind1="0" ind2="4">
         <subfield code="a">932.02</subfield>
         <subfield code="2">22</subfield>
      </datafield>
      <datafield tag="245" ind1="0" ind2="0">
         <subfield code="a">Oxyrhynchus :</subfield>
         <subfield code="b">a city and its texts /</subfield>
         <subfield code="c">edited by A.K. Bowman [and four others].</subfield>
      </datafield>
      <datafield tag="260" ind1=" " ind2=" ">
         <subfield code="a">London :</subfield>
         <subfield code="b">Published for the Arts and Humanities Research Council by the Egypt Exploration Society,</subfield>
         <subfield code="c">2007.</subfield>
      </datafield>
      <datafield tag="300" ind1=" " ind2=" ">
         <subfield code="a">xiv, 407 pages, [31] pages of plates :</subfield>
         <subfield code="b">illustrations (some color), maps ;</subfield>
         <subfield code="c">26 cm.</subfield>
      </datafield>
      <datafield tag="336" ind1=" " ind2=" ">
         <subfield code="a">text</subfield>
         <subfield code="b">txt</subfield>
         <subfield code="2">rdacontent</subfield>
      </datafield>
      <datafield tag="337" ind1=" " ind2=" ">
         <subfield code="a">unmediated</subfield>
         <subfield code="b">n</subfield>
         <subfield code="2">rdamedia</subfield>
      </datafield>
      <datafield tag="338" ind1=" " ind2=" ">
         <subfield code="a">volume</subfield>
         <subfield code="b">nc</subfield>
         <subfield code="2">rdacarrier</subfield>
      </datafield>
      <datafield tag="490" ind1="1" ind2=" ">
         <subfield code="a">Graeco-Roman memoirs,</subfield>
         <subfield code="x">0306-9222 ;</subfield>
         <subfield code="v">no. 93</subfield>
      </datafield>
      <datafield tag="546" ind1=" " ind2=" ">
         <subfield code="a">In English; occasional phrases in Ancient Greek with English translations.</subfield>
      </datafield>
      <datafield tag="500" ind1=" " ind2=" ">
         <subfield code="a">Edited by A.K. Bowman, R.A. Coles, N. Gonis, D. Obbink, P.J. Parsons.</subfield>
      </datafield>
      <datafield tag="504" ind1=" " ind2=" ">
         <subfield code="a">Includes bibliographical references and indexes.</subfield>
      </datafield>
      <datafield tag="505" ind1="0" ind2="0">
         <subfield code="g">[Part 1.]</subfield>
         <subfield code="t">City and excavation.</subfield>
         <subfield code="t">Oxyrhynchus : a city and its texts /</subfield>
         <subfield code="r">Coles, Revel A. --</subfield>
         <subfield code="t">Graeco-Roman branch of the Egypt Exploration Society /</subfield>
         <subfield code="r">Turner, E. G. --</subfield>
         <subfield code="g">Appendix :</subfield>
         <subfield code="t">Grenfell and Hunt’s first ten years --</subfield>
         <subfield code="t">News reports : the excavations and their journalistic coverage /</subfield>
         <subfield code="r">Montserrat, Dominic --</subfield>
         <subfield code="g">Appendix :</subfield>
         <subfield code="t">Concluding fragment of a lecture by Grenfell --</subfield>
         <subfield code="t">Papyruskartell : the papyri and the movement of antiquities /</subfield>
         <subfield code="r">Martin, Alain --</subfield>
         <subfield code="t">Oxyrhynkhos revisited /</subfield>
         <subfield code="r">Petrie, W.M.F. --</subfield>
         <subfield code="t">Great theatre /</subfield>
         <subfield code="r">Bailey, Donald M. --</subfield>
         <subfield code="t">Grave-reliefs and architectural sculpture /</subfield>
         <subfield code="r">Plarasca, Klaus --</subfield>
         <subfield code="g">Appendix :</subfield>
         <subfield code="t">Grave reliefs in photographs by A. S. Hunt --</subfield>
         <subfield code="t">Italian excavations /</subfield>
         <subfield code="r">Pintaudi, Rosario --</subfield>
         <subfield code="t">Kuwaiti excavations, 1985-87 /</subfield>
         <subfield code="r">Fehérvári, Géza --</subfield>
         <subfield code="t">Recent archaeological work /</subfield>
         <subfield code="r">Padró, Josep.</subfield>
         <subfield code="g">[Part 2.]</subfield>
         <subfield code="t">Papyri, society, and government.</subfield>
         <subfield code="t">Roman Oxyrhynchus /</subfield>
         <subfield code="r">Turner, E.G. --</subfield>
         <subfield code="t">Oxyrhynchus and Rome /</subfield>
         <subfield code="r">Turner, E.G. --</subfield>
         <subfield code="t">Roman Oxyrhynchus : city and people /</subfield>
         <subfield code="r">Bowman, Alan K. --</subfield>
         <subfield code="t">Family and society in Roman Oxyrhynchus /</subfield>
         <subfield code="r">Bagnall, Roger S. --</subfield>
         <subfield code="t">Emergence of municipal offices in the nome-capitals of Egypt /</subfield>
         <subfield code="r">Hagedorn, Dieter --</subfield>
         <subfield code="t">Oxyrhynchus and its hinterland /</subfield>
         <subfield code="r">Rowlandson, Jane --</subfield>
         <subfield code="t">Food supply /</subfield>
         <subfield code="r">Sharp, Michael --</subfield>
         <subfield code="t">Latin texts and Roman citizens /</subfield>
         <subfield code="r">Thomas, J. David --</subfield>
         <subfield code="g">Appendix :</subfield>
         <subfield code="t">Latin texts from Oxyrhynchus.</subfield>
      </datafield>
      <datafield tag="505" ind1="8" ind2="0">
         <subfield code="g">[Part 3.]</subfield>
         <subfield code="t">Literature, art , and science.</subfield>
         <subfield code="t">Editing the new finds : glimpses from the correspondence of A. S. Hunt /</subfield>
         <subfield code="r">Lehnus, Luigi --</subfield>
         <subfield code="t">Scribes and scholars /</subfield>
         <subfield code="r">Turner, E.G. --</subfield>
         <subfield code="g">Appendix :</subfield>
         <subfield code="t">Provisional list of scribal identifications --</subfield>
         <subfield code="t">Copyists of Oxyrhynchus /</subfield>
         <subfield code="r">Parsons, Peter --</subfield>
         <subfield code="t">Readers and intellectuals /</subfield>
         <subfield code="r">Obbink, Dirk --</subfield>
         <subfield code="g">Appendix :</subfield>
         <subfield code="t">P. Oxy. XVIII 2192 revisited /</subfield>
         <subfield code="r">Hatzilambrou, Rosalia --</subfield>
         <subfield code="t">Schools /</subfield>
         <subfield code="r">Cribiore, Raffaella --</subfield>
         <subfield code="t">Drawing a fine line in Oxyrhynchus /</subfield>
         <subfield code="r">Whitehouse, Helen --</subfield>
         <subfield code="g">Appendix :</subfield>
         <subfield code="t">Papyri illustrated in the plates /</subfield>
         <subfield code="r">Coulton, J.J. --</subfield>
         <subfield code="t">Astrologers and their astronomy /</subfield>
         <subfield code="r">Jones, Alexander --</subfield>
         <subfield code="t">New Testament papyri and the transmission of the New Testament /</subfield>
         <subfield code="r">Epp, Eldon Jay --</subfield>
         <subfield code="t">Coptic Oxyrhynchus /</subfield>
         <subfield code="r">Clackson, Sarah.</subfield>
         <subfield code="g">[Part 4.]</subfield>
         <subfield code="t">Archival materials.</subfield>
         <subfield code="t">Excavations at Oxyrhynchus (1896-1907) /</subfield>
         <subfield code="r">Grenfell, Bernard P. --</subfield>
         <subfield code="r">Hunt, Arthur S. --</subfield>
         <subfield code="t">Objects from Oxyrhynchus in the British Museum and the Victoria and Albert Museum /</subfield>
         <subfield code="r">Bailey, Donald M.</subfield>
      </datafield>
      <datafield tag="651" ind1=" " ind2="0">
         <subfield code="a">Bahnasā (Egypt)</subfield>
      </datafield>
      <datafield tag="651" ind1=" " ind2="0">
         <subfield code="a">Bahnasā (Egypt)</subfield>
         <subfield code="x">Antiquities.</subfield>
      </datafield>
      <datafield tag="650" ind1=" " ind2="0">
         <subfield code="a">Manuscripts, Greek (Papyri)</subfield>
         <subfield code="z">Egypt</subfield>
         <subfield code="z">Bahnasā.</subfield>
      </datafield>
      <datafield tag="650" ind1=" " ind2="0">
         <subfield code="a">Excavations (Archaeology)</subfield>
         <subfield code="z">Egypt</subfield>
         <subfield code="z">Bahnasā.</subfield>
      </datafield>
      <datafield tag="630" ind1="0" ind2="0">
         <subfield code="a">Oxyrhynchus papyri.</subfield>
      </datafield>
      <datafield tag="630" ind1="0" ind2="7">
         <subfield code="a">Oxyrhynchus papyri.</subfield>
         <subfield code="2">fast</subfield>
         <subfield code="0">(OCoLC)fst01357726</subfield>
      </datafield>
      <datafield tag="650" ind1=" " ind2="7">
         <subfield code="a">Antiquities.</subfield>
         <subfield code="2">fast</subfield>
         <subfield code="0">(OCoLC)fst00810745</subfield>
      </datafield>
      <datafield tag="650" ind1=" " ind2="7">
         <subfield code="a">Excavations (Archaeology)</subfield>
         <subfield code="2">fast</subfield>
         <subfield code="0">(OCoLC)fst00917564</subfield>
      </datafield>
      <datafield tag="651" ind1=" " ind2="7">
         <subfield code="a">Egypt</subfield>
         <subfield code="z">Bahnasā.</subfield>
         <subfield code="2">fast</subfield>
         <subfield code="0">(OCoLC)fst01260631</subfield>
      </datafield>
      <datafield tag="651" ind1=" " ind2="7">
         <subfield code="a">Oxyrhynchos.</subfield>
         <subfield code="2">swd</subfield>
      </datafield>
      <datafield tag="700" ind1="1" ind2=" ">
         <subfield code="a">Bowman, Alan K.</subfield>
      </datafield>
      <datafield tag="700" ind1="1" ind2=" ">
         <subfield code="a">Coles, R. A.</subfield>
         <subfield code="q">(Revel A.)</subfield>
      </datafield>
      <datafield tag="700" ind1="1" ind2=" ">
         <subfield code="a">Gonis, N.</subfield>
      </datafield>
      <datafield tag="700" ind1="1" ind2=" ">
         <subfield code="a">Obbink, Dirk.</subfield>
      </datafield>
      <datafield tag="700" ind1="1" ind2=" ">
         <subfield code="a">Parsons, P. J.</subfield>
      </datafield>
      <datafield tag="710" ind1="2" ind2=" ">
         <subfield code="a">Arts &amp; Humanities Research Council (Great Britain)</subfield>
      </datafield>
      <datafield tag="710" ind1="2" ind2=" ">
         <subfield code="a">Egypt Exploration Society.</subfield>
      </datafield>
      <datafield tag="830" ind1=" " ind2="0">
         <subfield code="a">Graeco-Roman memoirs ;</subfield>
         <subfield code="v">v. 93.</subfield>
      </datafield>
      <datafield tag="994" ind1=" " ind2=" ">
         <subfield code="a">Z0</subfield>
         <subfield code="b">ZYU</subfield>
      </datafield>
      <datafield tag="OWN" ind1=" " ind2=" ">
         <subfield code="a">GENERAL</subfield>
      </datafield>
      <datafield tag="AVA" ind1=" " ind2=" ">
         <subfield code="a">NYU50</subfield>
         <subfield code="b">BOBST</subfield>
         <subfield code="c">Main Collection</subfield>
         <subfield code="d">DT73.O8 O89 2007</subfield>
         <subfield code="e">available</subfield>
         <subfield code="t">Available</subfield>
         <subfield code="f">1</subfield>
         <subfield code="g">0</subfield>
         <subfield code="h">N</subfield>
         <subfield code="i">11</subfield>
         <subfield code="j">MAIN</subfield>
         <subfield code="k">0</subfield>
      </datafield>
      <datafield tag="AVA" ind1=" " ind2=" ">
         <subfield code="a">NYU50</subfield>
         <subfield code="b">NISAW</subfield>
         <subfield code="c">Large Collection</subfield>
         <subfield code="d">DT73.O8 O89 2007</subfield>
         <subfield code="e">available</subfield>
         <subfield code="t">Available</subfield>
         <subfield code="f">1</subfield>
         <subfield code="g">0</subfield>
         <subfield code="h">N</subfield>
         <subfield code="i">0</subfield>
         <subfield code="j">LARGE</subfield>
         <subfield code="k">0</subfield>
      </datafield>
      <marc:datafield tag="852" ind1=" " ind2=" ">
         <marc:subfield code="b">Institute for the Study of the Ancient World, </marc:subfield>
         <marc:subfield code="c">Large Collection</marc:subfield>
         <marc:subfield code="e">15 East 84th St., </marc:subfield>
         <marc:subfield code="e">New York, NY  10028</marc:subfield>
      </marc:datafield>
   </record>