
  
  
  
  
  
  
 
  
  <record xsi:schemaLocation="http://www.loc.gov/MARC21/slim http://www.loc.gov/standards/marcxml/schema/MARC21slim.xsd">
      <leader>00000cam  2200361 i 4500</leader>
      <controlfield tag="FMT">BK</controlfield>
      <controlfield tag="LDR">00000cam  2200361 i 4500</controlfield>
      <controlfield tag="001">004096243</controlfield>
      <controlfield tag="003">OCoLC</controlfield>
      <controlfield tag="005">20150123101716.0</controlfield>
      <controlfield tag="008">150123t20142014gw a     b    000 0 eng d</controlfield>
      <datafield tag="020" ind1=" " ind2=" ">
         <subfield code="a">9783943955156 (hbk)</subfield>
      </datafield>
      <datafield tag="020" ind1=" " ind2=" ">
         <subfield code="a">394395515X (hbk)</subfield>
      </datafield>
      <datafield tag="035" ind1=" " ind2=" ">
         <subfield code="a">(OCoLC)900084226</subfield>
      </datafield>
      <datafield tag="040" ind1=" " ind2=" ">
         <subfield code="a">NLGGC</subfield>
         <subfield code="b">eng</subfield>
         <subfield code="e">rda</subfield>
         <subfield code="c">NLGGC</subfield>
         <subfield code="d">OCLCO</subfield>
         <subfield code="d">OHX</subfield>
         <subfield code="d">NNU</subfield>
      </datafield>
      <datafield tag="041" ind1="0" ind2=" ">
         <subfield code="a">eng</subfield>
         <subfield code="a">fre</subfield>
      </datafield>
      <datafield tag="043" ind1=" " ind2=" ">
         <subfield code="a">f-ua---</subfield>
      </datafield>
      <datafield tag="050" ind1=" " ind2="4">
         <subfield code="a">PJ1125</subfield>
         <subfield code="b">.N49 2011</subfield>
      </datafield>
      <datafield tag="072" ind1=" " ind2="7">
         <subfield code="a">PJ</subfield>
         <subfield code="2">lcco</subfield>
      </datafield>
      <datafield tag="111" ind1="2" ind2=" ">
         <subfield code="a">New directions in Egyptian syntax</subfield>
         <subfield code="d">(2011 :</subfield>
         <subfield code="c">Liège, France)</subfield>
      </datafield>
      <datafield tag="245" ind1="1" ind2="0">
         <subfield code="a">On forms and functions :</subfield>
         <subfield code="b">studies in ancient Egyptian grammar /</subfield>
         <subfield code="c">edited by Eitan Grossman, Stéphane Polis, Andréas Stauder &amp; Jean Winand.</subfield>
      </datafield>
      <datafield tag="264" ind1=" " ind2="1">
         <subfield code="a">Hamburg :</subfield>
         <subfield code="b">Widmaier Verlag,</subfield>
         <subfield code="c">2014.</subfield>
      </datafield>
      <datafield tag="300" ind1=" " ind2=" ">
         <subfield code="a">366 pages :</subfield>
         <subfield code="b">illustrations ;</subfield>
         <subfield code="c">25 cm.</subfield>
      </datafield>
      <datafield tag="336" ind1=" " ind2=" ">
         <subfield code="a">text</subfield>
         <subfield code="b">txt</subfield>
         <subfield code="2">rdacontent</subfield>
      </datafield>
      <datafield tag="337" ind1=" " ind2=" ">
         <subfield code="a">unmediated</subfield>
         <subfield code="b">n</subfield>
         <subfield code="2">rdamedia</subfield>
      </datafield>
      <datafield tag="338" ind1=" " ind2=" ">
         <subfield code="a">volume</subfield>
         <subfield code="b">nc</subfield>
         <subfield code="2">rdacarrier</subfield>
      </datafield>
      <datafield tag="490" ind1="1" ind2=" ">
         <subfield code="a">Lingua Aegyptia.</subfield>
         <subfield code="v">Studia Monographica ;</subfield>
         <subfield code="v">Band 15</subfield>
      </datafield>
      <datafield tag="500" ind1=" " ind2=" ">
         <subfield code="a">Papers from a workshop held at the University of Liège, May 12-14, 2011.</subfield>
      </datafield>
      <datafield tag="504" ind1=" " ind2=" ">
         <subfield code="a">Includes bibliographical references.</subfield>
      </datafield>
      <datafield tag="505" ind1="0" ind2="0">
         <subfield code="t">Forms and functions in ancient egyptian: a short introduction /</subfield>
         <subfield code="r">Grossman, Eitan --</subfield>
         <subfield code="r">Polis, Stéphane --</subfield>
         <subfield code="t">Antiphrastic questions with ist and is in late Egyptian /</subfield>
         <subfield code="r">Collier, Mark --</subfield>
         <subfield code="t">Ramesside registers of Égyptien de tradition : the Medinet Habu inscriptions /</subfield>
         <subfield code="r">Gillen, Todd --</subfield>
         <subfield code="t">Contexts and inferences : the grammaticalization of the later Egyptian allative future /</subfield>
         <subfield code="r">Grossman, Eitan --</subfield>
         <subfield code="r">Lescuyer, Guillaume --</subfield>
         <subfield code="r">Polis, Stéphane --</subfield>
         <subfield code="t">Expressing necessity in Sahidic Coptic /</subfield>
         <subfield code="r">Müller, Matthias --</subfield>
         <subfield code="t">Noun phrase syntax and definiteness marking : a new explanation for the morphology of earlier Egyptian participles /</subfield>
         <subfield code="r">Oréal, Elsa --</subfield>
         <subfield code="t">Verb ib and the construction íb=f r sdm : on modal semantics, graphemic contrasts, and gradience in grammar /</subfield>
         <subfield code="r">Polis, Stéphane --</subfield>
         <subfield code="r">Stauder, Andréas --</subfield>
         <subfield code="t">On earlier Egyptian control constructions /</subfield>
         <subfield code="r">Uljas, Sami --</subfield>
         <subfield code="t">Non représentation segmentale du (premier) participant direct (“sujet”) et la notion de ø /</subfield>
         <subfield code="r">Vernus, Pascal --</subfield>
         <subfield code="t">Uninflected relative verb forms as converbs and verbal rhemes : the two schemes of the emphatic construction as a detached adjectival phrase construction and as a truncated balanced sentence /</subfield>
         <subfield code="r">Werning, Daniel A. --</subfield>
         <subfield code="t">When and meets with /</subfield>
         <subfield code="r">Winand, Jean.</subfield>
      </datafield>
      <datafield tag="546" ind1=" " ind2=" ">
         <subfield code="a">Articles in English and French.</subfield>
      </datafield>
      <datafield tag="650" ind1=" " ind2="0">
         <subfield code="a">Egyptian language</subfield>
         <subfield code="x">Grammar</subfield>
         <subfield code="v">Congresses.</subfield>
      </datafield>
      <datafield tag="700" ind1="1" ind2=" ">
         <subfield code="a">Grossman, Eitan,</subfield>
         <subfield code="e">editor of compilation.</subfield>
         <subfield code="4">edt</subfield>
      </datafield>
      <datafield tag="700" ind1="1" ind2=" ">
         <subfield code="a">Polis, Stéphane,</subfield>
         <subfield code="e">editor of compilation.</subfield>
         <subfield code="4">edt</subfield>
      </datafield>
      <datafield tag="700" ind1="1" ind2=" ">
         <subfield code="a">Stauder, Andréas,</subfield>
         <subfield code="d">1977-</subfield>
         <subfield code="e">editor of compilation.</subfield>
         <subfield code="4">edt</subfield>
      </datafield>
      <datafield tag="700" ind1="1" ind2=" ">
         <subfield code="a">Winand, Jean</subfield>
         <subfield code="e">editor of compilation.</subfield>
         <subfield code="4">edt</subfield>
      </datafield>
      <datafield tag="830" ind1=" " ind2="0">
         <subfield code="a">Lingua aegyptia.</subfield>
         <subfield code="p">Studia monographica ;</subfield>
         <subfield code="v">Bd. 15.</subfield>
      </datafield>
      <datafield tag="994" ind1=" " ind2=" ">
         <subfield code="a">Z0</subfield>
         <subfield code="b">ZYU</subfield>
      </datafield>
      <datafield tag="OWN" ind1=" " ind2=" ">
         <subfield code="a">GENERAL</subfield>
      </datafield>
      <datafield tag="AVA" ind1=" " ind2=" ">
         <subfield code="a">NYU50</subfield>
         <subfield code="b">NISAW</subfield>
         <subfield code="c">Small Collection</subfield>
         <subfield code="d">PJ1125 .N49 2011</subfield>
         <subfield code="e">available</subfield>
         <subfield code="t">Available</subfield>
         <subfield code="f">1</subfield>
         <subfield code="g">0</subfield>
         <subfield code="h">N</subfield>
         <subfield code="i">0</subfield>
         <subfield code="j">SMALL</subfield>
         <subfield code="k">0</subfield>
      </datafield>
      <marc:datafield tag="852" ind1=" " ind2=" ">
         <marc:subfield code="b">Institute for the Study of the Ancient World, </marc:subfield>
         <marc:subfield code="c">Small Collection</marc:subfield>
         <marc:subfield code="e">15 East 84th St., </marc:subfield>
         <marc:subfield code="e">New York, NY  10028</marc:subfield>
      </marc:datafield>
   </record>