
  
  
  
  
  
  
  
 
  
  <record xsi:schemaLocation="http://www.loc.gov/MARC21/slim http://www.loc.gov/standards/marcxml/schema/MARC21slim.xsd">
      <leader>00000cam  2200505 i 4500</leader>
      <controlfield tag="FMT">BK</controlfield>
      <controlfield tag="LDR">00000cam  2200505 i 4500</controlfield>
      <controlfield tag="001">004096704</controlfield>
      <controlfield tag="003">OCoLC</controlfield>
      <controlfield tag="005">20150226101610.0</controlfield>
      <controlfield tag="008">150126s2015    nyuab    b    001 0 eng</controlfield>
      <datafield tag="010" ind1=" " ind2=" ">
         <subfield code="a">2014043417</subfield>
      </datafield>
      <datafield tag="020" ind1=" " ind2=" ">
         <subfield code="a">9781107065215</subfield>
         <subfield code="q">hardback</subfield>
      </datafield>
      <datafield tag="020" ind1=" " ind2=" ">
         <subfield code="a">1107065216</subfield>
         <subfield code="q">hardback</subfield>
      </datafield>
      <datafield tag="020" ind1=" " ind2=" ">
         <subfield code="z">9781107653429</subfield>
         <subfield code="q">paperback</subfield>
      </datafield>
      <datafield tag="020" ind1=" " ind2=" ">
         <subfield code="z">1107653428</subfield>
         <subfield code="q">paperback</subfield>
      </datafield>
      <datafield tag="035" ind1=" " ind2=" ">
         <subfield code="a">(OCoLC)899073184</subfield>
      </datafield>
      <datafield tag="040" ind1=" " ind2=" ">
         <subfield code="a">DLC</subfield>
         <subfield code="e">rda</subfield>
         <subfield code="b">eng</subfield>
         <subfield code="c">DLC</subfield>
         <subfield code="d">YDX</subfield>
         <subfield code="d">YDXCP</subfield>
         <subfield code="d">NNU</subfield>
      </datafield>
      <datafield tag="042" ind1=" " ind2=" ">
         <subfield code="a">pcc</subfield>
      </datafield>
      <datafield tag="043" ind1=" " ind2=" ">
         <subfield code="a">aw-----</subfield>
      </datafield>
      <datafield tag="050" ind1="0" ind2="0">
         <subfield code="a">DS56</subfield>
         <subfield code="b">.R57 2015</subfield>
      </datafield>
      <datafield tag="082" ind1="0" ind2="0">
         <subfield code="a">939.4</subfield>
         <subfield code="2">23</subfield>
      </datafield>
      <datafield tag="100" ind1="1" ind2=" ">
         <subfield code="a">Ristvet, Lauren</subfield>
         <subfield code="e">author.</subfield>
      </datafield>
      <datafield tag="245" ind1="1" ind2="0">
         <subfield code="a">Ritual, performance, and politics in the ancient Near East /</subfield>
         <subfield code="c">Lauren Ristvet.</subfield>
      </datafield>
      <datafield tag="264" ind1=" " ind2="1">
         <subfield code="a">New York, NY :</subfield>
         <subfield code="b">Cambridge University Press,</subfield>
         <subfield code="c">2015.</subfield>
      </datafield>
      <datafield tag="300" ind1=" " ind2=" ">
         <subfield code="a">xiv, 317 pages ;</subfield>
         <subfield code="c">26 cm</subfield>
      </datafield>
      <datafield tag="336" ind1=" " ind2=" ">
         <subfield code="a">text</subfield>
         <subfield code="b">txt</subfield>
         <subfield code="2">rdacontent</subfield>
      </datafield>
      <datafield tag="337" ind1=" " ind2=" ">
         <subfield code="a">unmediated</subfield>
         <subfield code="b">n</subfield>
         <subfield code="2">rdamedia</subfield>
      </datafield>
      <datafield tag="338" ind1=" " ind2=" ">
         <subfield code="a">volume</subfield>
         <subfield code="b">nc</subfield>
         <subfield code="2">rdacarrier</subfield>
      </datafield>
      <datafield tag="504" ind1=" " ind2=" ">
         <subfield code="a">Includes bibliographical references and index.</subfield>
      </datafield>
      <datafield tag="520" ind1="2" ind2=" ">
         <subfield code="a">"In this book, Lauren Ristvet rethinks the narratives of state formation by investigating the interconnections between ritual, performance, and politics in the ancient Near East. She draws on a wide range of archaeological, iconographic, and cuneiform sources to show how ritual performance was not set apart from the real practice of politics; it was politics. Rituals provided an opportunity for elites and ordinary people to negotiate political authority. Descriptions of rituals from three periods explore the networks of signification that informed different societies."--Provided by publisher.</subfield>
      </datafield>
      <datafield tag="505" ind1="0" ind2=" ">
         <subfield code="a">I. Performing politics -- Politics and ritual in the past and present -- The 2500 year celebration at Persepolis -- French Revolution -- Royal processions in Majapahit -- The Fiesta de Santa Fe -- Maya ancestors and patron deities -- Ritual, religion, and practice -- Performative traces -- Movement, history, and tradition -- II. Movement -- An event that models : the Ebla coronation ritual -- Movement and perception -- Kingdoms, cities, artisans, and officials -- Borders, city walls, and open spaces -- Limiting access -- Inclusive spaces -- Beyond the city -- Collective representations: pilgrimages and political power -- Pilgrimages and sacred journeys at Ebla -- The archaeology of pilgrimage at Ebla -- The Syrian ritual -- Materialized symbols : cult centers in the countryside -- Gre Virike -- Hazna -- Jebelet al-Beda -- Tell Banat -- Actors, audience, and mise-en-scene : pilgrimage centers? -- Constructing kingdoms -- Death, ancestors, and power --</subfield>
      </datafield>
      <datafield tag="505" ind1="0" ind2=" ">
         <subfield code="a">Conclusion: Urban spaces, pilgrimage networks and the rise of political complexity -- III. Memory -- An event that presents : the Feast of Istar and the Kispum ritual -- Memory, mourning, and legitimacy -- Political instability -- Tribal politics -- The dynamics of resettlement -- History and the politics of emplacement -- Middle Bronze Age economics -- Collective representations : the past in the past -- Literature, history, and the ancestors -- Divine will and divinationtoc-entry -- Materialized symbols : death, ritual and the authority of the past in daily life -- The archaeology of death and ritual -- Ancestors, monuments and politics -- The past, heirlooms and legitimacy -- Actors, audience, and mise-en-scene : ancestors, tribes and politics -- Kings and the politics of commemoration -- Tribes, towns, councils, and ancestors -- Conclusion: Mourning and memory -- IV. Tradition -- An event that re-presents : the Akitu Festival -- Invented traditions -- Hellenistic Babylonia --</subfield>
         <subfield code="9"/>
      </datafield>
      <datafield tag="505" ind1="0" ind2=" ">
         <subfield code="a">The city and countryside -- Settlement, irrigation, and trade -- Seleucid urbanism -- Domestic practices -- Consuming empire? : pottery and foodways -- Figurines and domestic life -- Coins, debt, and payment -- Collective representations : scholarly texts, history, and the transmission of knowledge -- Preserving scholarly knowledge -- Astrology, astronomy, and history -- Materialized symbols : temples and tradition -- Rebuilding the temple -- The temple, the assembly, and civil authority -- Archives, administration, and community -- Actors, audience, and mise-en-scene : kings, priests, and festivals -- Conclusion: Performing tradition -- Community -- Performance and public events in the ancient Near East -- Performing community -- States and instability -- Political strategies -- Continuity.</subfield>
         <subfield code="9"/>
      </datafield>
      <datafield tag="530" ind1=" " ind2=" ">
         <subfield code="a">Also published online.</subfield>
      </datafield>
      <datafield tag="651" ind1=" " ind2="0">
         <subfield code="a">Middle East</subfield>
         <subfield code="x">Antiquities.</subfield>
      </datafield>
      <datafield tag="651" ind1=" " ind2="0">
         <subfield code="a">Middle East</subfield>
         <subfield code="x">Politics and government.</subfield>
      </datafield>
      <datafield tag="651" ind1=" " ind2="0">
         <subfield code="a">Middle East</subfield>
         <subfield code="x">History</subfield>
         <subfield code="y">To 622.</subfield>
      </datafield>
      <datafield tag="650" ind1=" " ind2="0">
         <subfield code="a">Ritual</subfield>
         <subfield code="x">Social aspects</subfield>
         <subfield code="z">Middle East</subfield>
         <subfield code="x">History</subfield>
         <subfield code="y">To 1500.</subfield>
      </datafield>
      <datafield tag="650" ind1=" " ind2="0">
         <subfield code="a">Rites and ceremonies</subfield>
         <subfield code="z">Middle East</subfield>
         <subfield code="x">History</subfield>
         <subfield code="y">To 1500.</subfield>
      </datafield>
      <datafield tag="650" ind1=" " ind2="0">
         <subfield code="a">Political culture</subfield>
         <subfield code="z">Middle East</subfield>
         <subfield code="x">History</subfield>
         <subfield code="y">To 1500.</subfield>
      </datafield>
      <datafield tag="650" ind1=" " ind2="0">
         <subfield code="a">Pilgrims and pilgrimages</subfield>
         <subfield code="z">Middle East</subfield>
         <subfield code="x">History</subfield>
         <subfield code="y">To 1500.</subfield>
      </datafield>
      <datafield tag="650" ind1=" " ind2="0">
         <subfield code="a">Political customs and rites</subfield>
         <subfield code="z">Middle East</subfield>
         <subfield code="x">History</subfield>
         <subfield code="y">To 1500.</subfield>
      </datafield>
      <datafield tag="650" ind1=" " ind2="0">
         <subfield code="a">Festivals</subfield>
         <subfield code="z">Middle East</subfield>
         <subfield code="x">History</subfield>
         <subfield code="y">To 1500.</subfield>
      </datafield>
      <datafield tag="650" ind1=" " ind2="0">
         <subfield code="a">Social archaeology</subfield>
         <subfield code="z">Middle East.</subfield>
      </datafield>
      <datafield tag="776" ind1="0" ind2=" ">
         <subfield code="i">Online version:</subfield>
         <subfield code="a">Ristvet, Lauren.</subfield>
         <subfield code="t">Ritual, performance, and politics in the ancient Near East.</subfield>
         <subfield code="z">9781107065215</subfield>
         <subfield code="w">(OCoLC)899214780</subfield>
         <subfield code="w">(NhCcYBP)ybp12202081</subfield>
      </datafield>
      <datafield tag="994" ind1=" " ind2=" ">
         <subfield code="a">Z0</subfield>
         <subfield code="b">ZYU</subfield>
      </datafield>
      <datafield tag="OWN" ind1=" " ind2=" ">
         <subfield code="a">GENERAL</subfield>
      </datafield>
      <datafield tag="STA" ind1=" " ind2=" ">
         <subfield code="a">DELETED</subfield>
      </datafield>
   </record>