
  
  
  
  
 
  
  <record xsi:schemaLocation="http://www.loc.gov/MARC21/slim http://www.loc.gov/standards/marcxml/schema/MARC21slim.xsd">
      <leader>00000cam  2200529 i 4500</leader>
      <controlfield tag="FMT">BK</controlfield>
      <controlfield tag="LDR">00000cam  2200529 i 4500</controlfield>
      <controlfield tag="001">004096865</controlfield>
      <controlfield tag="003">OCoLC</controlfield>
      <controlfield tag="005">20150128140659.0</controlfield>
      <controlfield tag="008">150128t20132013gw af    b    001 0 ita c</controlfield>
      <datafield tag="020" ind1=" " ind2=" ">
         <subfield code="a">9783884672075</subfield>
      </datafield>
      <datafield tag="020" ind1=" " ind2=" ">
         <subfield code="a">388467207X</subfield>
      </datafield>
      <datafield tag="035" ind1=" " ind2=" ">
         <subfield code="a">(OCoLC)875631811</subfield>
      </datafield>
      <datafield tag="040" ind1=" " ind2=" ">
         <subfield code="a">NjP</subfield>
         <subfield code="b">eng</subfield>
         <subfield code="e">rda</subfield>
         <subfield code="c">PUL</subfield>
         <subfield code="d">OCLCO</subfield>
         <subfield code="d">OCLCF</subfield>
         <subfield code="d">ZCU</subfield>
         <subfield code="d">NNU</subfield>
      </datafield>
      <datafield tag="041" ind1="0" ind2=" ">
         <subfield code="a">ita</subfield>
         <subfield code="a">ger</subfield>
         <subfield code="a">eng</subfield>
      </datafield>
      <datafield tag="042" ind1=" " ind2=" ">
         <subfield code="a">pcc</subfield>
      </datafield>
      <datafield tag="043" ind1=" " ind2=" ">
         <subfield code="a">e-it---</subfield>
      </datafield>
      <datafield tag="050" ind1=" " ind2="4">
         <subfield code="a">DG70.T35</subfield>
         <subfield code="b">B323 2013</subfield>
      </datafield>
      <datafield tag="100" ind1="1" ind2=" ">
         <subfield code="a">Babbi, Andrea</subfield>
         <subfield code="e">author.</subfield>
      </datafield>
      <datafield tag="245" ind1="1" ind2="3">
         <subfield code="a">La tomba del guerriero di Tarquinia :</subfield>
         <subfield code="b">identità elitaria, concentrazione del potere e networks dinamici nell'avanzato VIII sec. a.C. = Das Kriegergrab von Tarquinia : Eliteidentität, Machtkonzentration und dynamische Netzwerke im späten 8. Jh. v. Chr. /</subfield>
         <subfield code="c">Andrea Babbi, Uwe Peltz ; contributi di Enrico Benelli [and 29 others].</subfield>
      </datafield>
      <datafield tag="246" ind1="3" ind2="1">
         <subfield code="a">Kriegergrab von Tarquinia :</subfield>
         <subfield code="b">Eliteidentität, Machtkonzentration und dynamische Netzwerke im späten 8. Jh. v. Chr.</subfield>
      </datafield>
      <datafield tag="264" ind1=" " ind2="1">
         <subfield code="a">Mainz :</subfield>
         <subfield code="b">Verlag des Römisch-Germanischen Zentralmuseums ;</subfield>
         <subfield code="c">2013.</subfield>
      </datafield>
      <datafield tag="264" ind1=" " ind2="4">
         <subfield code="c">©2013</subfield>
      </datafield>
      <datafield tag="300" ind1=" " ind2=" ">
         <subfield code="a">xiii, 439 pages, 91 pages of plates :</subfield>
         <subfield code="b">illustrations ;</subfield>
         <subfield code="c">31 cm +</subfield>
         <subfield code="e">2 folded leaves of plates</subfield>
      </datafield>
      <datafield tag="336" ind1=" " ind2=" ">
         <subfield code="a">text</subfield>
         <subfield code="b">txt</subfield>
         <subfield code="2">rdacontent</subfield>
      </datafield>
      <datafield tag="336" ind1=" " ind2=" ">
         <subfield code="a">still image</subfield>
         <subfield code="b">sti</subfield>
         <subfield code="2">rdacontent</subfield>
      </datafield>
      <datafield tag="337" ind1=" " ind2=" ">
         <subfield code="a">unmediated</subfield>
         <subfield code="b">n</subfield>
         <subfield code="2">rdamedia</subfield>
      </datafield>
      <datafield tag="338" ind1=" " ind2=" ">
         <subfield code="a">volume</subfield>
         <subfield code="b">nc</subfield>
         <subfield code="2">rdacarrier</subfield>
      </datafield>
      <datafield tag="490" ind1="1" ind2=" ">
         <subfield code="a">Monographien (Römisch-Germanisches Zentralmuseum Mainz. Forschungsinstitut für Vor- und Frühgeschichte),</subfield>
         <subfield code="x">0171-1474 ;</subfield>
         <subfield code="v">Band 109</subfield>
      </datafield>
      <datafield tag="500" ind1=" " ind2=" ">
         <subfield code="a">At head of title: Römisch-Germanisches Zentralmuseum, Forschungsinstitut für Archäologie, und Antikensammlung, Staatliche Museen zu Berlin.</subfield>
      </datafield>
      <datafield tag="504" ind1=" " ind2=" ">
         <subfield code="a">Includes bibliographical references (pages 397-425) and index.</subfield>
      </datafield>
      <datafield tag="505" ind1="0" ind2="0">
         <subfield code="g">Introduzione = Einführung.</subfield>
         <subfield code="t">Storia della scoperta e degli studi --</subfield>
         <subfield code="t">Dalla scoperta tarquiniese dei fratelli Marzi all'acquisto "von Bunsen-Mommsen" /</subfield>
         <subfield code="r">Babbi, A. --</subfield>
         <subfield code="t">"Kriegergrab" im Berliner Museum /</subfield>
         <subfield code="r">Kästner, V. --</subfield>
         <subfield code="t">Aspetti problematici, studi precedenti e condizioni attuali di conservazione /</subfield>
         <subfield code="r">Babbi, A.</subfield>
         <subfield code="g">I reperti = Die Funde.</subfield>
         <subfield code="t">Reperti e la loro interpretazione /</subfield>
         <subfield code="r">Babbi, A. --</subfield>
         <subfield code="t">"Tomba del Guerriero" e la sua cornice cronologica --</subfield>
         <subfield code="t">"Tomba del Guerriero" e la sua cornice storico-sociale --</subfield>
         <subfield code="t">Lettera sul vaso di legno Kat. 106 /</subfield>
         <subfield code="r">Benelli, E. --</subfield>
         <subfield code="t">Römische "Tabella Defixionis" --</subfield>
         <subfield code="t">Verfluchung eines Wagenlenkers /</subfield>
         <subfield code="r">Giannobile, S. --</subfield>
         <subfield code="r">Curbera, J. --</subfield>
         <subfield code="t">Nur unbedeutende Fragmente oder eine gefaltete Fluchtafel? /</subfield>
         <subfield code="r">Krutzsch, M. --</subfield>
         <subfield code="t">Technologische Untersuchungen an den Funden --</subfield>
         <subfield code="t">Gold und Silber /</subfield>
         <subfield code="r">Niemeyer, B. --</subfield>
         <subfield code="t">Bronze /</subfield>
         <subfield code="r">Peltz, U. --</subfield>
         <subfield code="t">Ceramica /</subfield>
         <subfield code="r">Babbi, A. --</subfield>
         <subfield code="t">Holzgefässe /</subfield>
         <subfield code="r">Peltz, U. --</subfield>
         <subfield code="t">Textil /</subfield>
         <subfield code="r">Stauffer, A.</subfield>
         <subfield code="g">Analisi scientifiche = Naturwissenschaftliche Untersuchungen.</subfield>
         <subfield code="t">Radiographische Untersuchungen der Bronzeobjekte /</subfield>
         <subfield code="r">Redmer, B. --</subfield>
         <subfield code="r">Föllner, M. --</subfield>
         <subfield code="t">Untersuchungen der Kupferlegierungen /</subfield>
         <subfield code="r">Röhrs, S. --</subfield>
         <subfield code="r">Riederer, J. --</subfield>
         <subfield code="r">Schwerdtfeger, S. --</subfield>
         <subfield code="t">Unteruschung der Objekte --</subfield>
         <subfield code="t">Ergebnisse der Legierungsanalyse --</subfield>
         <subfield code="t">Chemische und Bleiisotopenanalysen an zwei Silbergefässen aus einem eisenzeitlichen Kriegergrab bei Tarquinia /</subfield>
         <subfield code="r">Pernicka, E. --</subfield>
         <subfield code="t">Bleiisotopenanalyse der römischen "Tabella Defixionis" /</subfield>
         <subfield code="r">Vogl, J. --</subfield>
         <subfield code="r">Rosner, M. --</subfield>
         <subfield code="t">Analytisches Verfahren --</subfield>
         <subfield code="t">Ergebnis --</subfield>
         <subfield code="t">Analisi del sistema di impermeabilizzazione e dei depositi organici --</subfield>
         <subfield code="t">Analyse der organischen Überreste in der kugeligen Amphora (Kat. 47), der Lippe der Kegelhalsamphora (Kat. 48), dem Holzdeckel (Kat. 104) und dem Lehmring (Kat. 111) /</subfield>
         <subfield code="r">Gómez Sánchez, E. --</subfield>
         <subfield code="r">Simon, S. --</subfield>
         <subfield code="r">Pausewein, R.-R. --</subfield>
      </datafield>
      <datafield tag="505" ind1="8" ind2="0">
         <subfield code="t">GC-MS analysis of sample C116-6 (Kat. 111) from Tarquinia (warrior tomb) /</subfield>
         <subfield code="r">McGovern, P.E. --</subfield>
         <subfield code="r">Hall, G.R. --</subfield>
         <subfield code="t">Non-target organic structural spectroscopy of sample C116-6 (Kat. 111) from Tarquinia (warrior tomb) /</subfield>
         <subfield code="r">Schmitt-Kopplin, Ph. --</subfield>
         <subfield code="r">Hertkorn, N. --</subfield>
         <subfield code="r">Harir, M. --</subfield>
         <subfield code="t">Analisi del materiale per l'impermeabilizzazione di una "fiasca del Pellegrino" in bronzo al Museo Gergoriano Etrusco - Città del Vaticano /</subfield>
         <subfield code="r">Sannibale, M. --</subfield>
         <subfield code="r">Cibin, F.R. --</subfield>
         <subfield code="t">Observations on chemical and physical properties of pine pitch /</subfield>
         <subfield code="r">Olivieri, L. --</subfield>
         <subfield code="t">An interpretation of the radiocarbon date from the warrior tomb at Tarquinia /</subfield>
         <subfield code="r">Nijboer, A.J.</subfield>
         <subfield code="t">Introduction --</subfield>
         <subfield code="t">Other radiocarbon dates from Tarquinia --</subfield>
         <subfield code="t">Radiocarbon results from another 8th century BC context in Italy referring to an early phase of Euboean presence --</subfield>
         <subfield code="t">Radiocarbon results --</subfield>
         <subfield code="t">Conclusion and discussion.</subfield>
         <subfield code="g">Restauro antico e moderno dei reperti = Alt- und Neurestaurierung der Funde --</subfield>
         <subfield code="t">Metall --</subfield>
         <subfield code="t">Gold und Silber /</subfield>
         <subfield code="r">Niemeyer, B. --</subfield>
         <subfield code="t">Bronze --</subfield>
         <subfield code="r">Peltz, U. --</subfield>
         <subfield code="t">Eisen /</subfield>
         <subfield code="r">Peltz, U. --</subfield>
         <subfield code="t">Keramik --</subfield>
         <subfield code="r">Schilling, P. --</subfield>
         <subfield code="t">Holz /</subfield>
         <subfield code="r">Schilling, P.</subfield>
         <subfield code="g">Catalogo = Katalog.</subfield>
         <subfield code="t">Metalli --</subfield>
         <subfield code="t">Oro --</subfield>
         <subfield code="t">Argento --</subfield>
         <subfield code="t">Bronzo --</subfield>
         <subfield code="t">Ferro --</subfield>
         <subfield code="t">Ceramica --</subfield>
         <subfield code="t">Ceramica depurata --</subfield>
         <subfield code="t">Ceramica d'impasto --</subfield>
         <subfield code="t">Vetro --</subfield>
         <subfield code="t">Legno, cuoio et alia --</subfield>
         <subfield code="t">Tessuti --</subfield>
         <subfield code="t">Aggiunta.</subfield>
      </datafield>
      <datafield tag="546" ind1=" " ind2=" ">
         <subfield code="a">Texts in Italian, German, and English.</subfield>
      </datafield>
      <datafield tag="650" ind1=" " ind2="0">
         <subfield code="a">Excavations (Archaeology)</subfield>
         <subfield code="z">Italy</subfield>
         <subfield code="z">Tarquinia.</subfield>
      </datafield>
      <datafield tag="651" ind1=" " ind2="0">
         <subfield code="a">Tarquinia (Italy)</subfield>
         <subfield code="x">Antiquities.</subfield>
      </datafield>
      <datafield tag="651" ind1=" " ind2="0">
         <subfield code="a">Tarquinia (Italy)</subfield>
         <subfield code="x">Antiquities</subfield>
         <subfield code="v">Catalogs.</subfield>
      </datafield>
      <datafield tag="650" ind1=" " ind2="0">
         <subfield code="a">Tombs</subfield>
         <subfield code="z">Italy</subfield>
         <subfield code="z">Tarquinia.</subfield>
      </datafield>
      <datafield tag="650" ind1=" " ind2="0">
         <subfield code="a">Grave goods</subfield>
         <subfield code="z">Italy</subfield>
         <subfield code="z">Tarquinia.</subfield>
      </datafield>
      <datafield tag="650" ind1=" " ind2="0">
         <subfield code="a">Etruscans</subfield>
         <subfield code="z">Italy</subfield>
         <subfield code="z">Tarquinia.</subfield>
      </datafield>
      <datafield tag="650" ind1=" " ind2="7">
         <subfield code="a">Antiquities.</subfield>
         <subfield code="2">fast</subfield>
         <subfield code="0">(OCoLC)fst00810745</subfield>
      </datafield>
      <datafield tag="650" ind1=" " ind2="7">
         <subfield code="a">Etruscans.</subfield>
         <subfield code="2">fast</subfield>
         <subfield code="0">(OCoLC)fst00916316</subfield>
      </datafield>
      <datafield tag="650" ind1=" " ind2="7">
         <subfield code="a">Excavations (Archaeology)</subfield>
         <subfield code="2">fast</subfield>
         <subfield code="0">(OCoLC)fst00917564</subfield>
      </datafield>
      <datafield tag="651" ind1=" " ind2="7">
         <subfield code="a">Italy</subfield>
         <subfield code="z">Tarquinia.</subfield>
         <subfield code="2">fast</subfield>
         <subfield code="0">(OCoLC)fst01205952</subfield>
      </datafield>
      <datafield tag="655" ind1=" " ind2="7">
         <subfield code="a">Catalogs.</subfield>
         <subfield code="2">fast</subfield>
         <subfield code="0">(OCoLC)fst01423692</subfield>
      </datafield>
      <datafield tag="700" ind1="1" ind2=" ">
         <subfield code="a">Peltz, Uwe</subfield>
         <subfield code="e">author.</subfield>
      </datafield>
      <datafield tag="700" ind1="1" ind2=" ">
         <subfield code="a">Benelli, Enrico</subfield>
         <subfield code="e">contributor.</subfield>
      </datafield>
      <datafield tag="710" ind1="2" ind2=" ">
         <subfield code="a">Römisch-Germanisches Zentralmuseum Mainz.</subfield>
         <subfield code="b">Forschungsinstitut für Archäologie,</subfield>
         <subfield code="e">issuing body.</subfield>
      </datafield>
      <datafield tag="710" ind1="2" ind2=" ">
         <subfield code="a">Staatliche Museen zu Berlin (Germany : East).</subfield>
         <subfield code="b">Antikensammlung</subfield>
         <subfield code="t">issuing body.</subfield>
      </datafield>
      <datafield tag="830" ind1=" " ind2="0">
         <subfield code="a">Monographien (Römisch-Germanisches Zentralmuseum Mainz. Forschungsinstitut für Vor- und Frühgeschichte) ;</subfield>
         <subfield code="v">Bd. 109.</subfield>
      </datafield>
      <datafield tag="994" ind1=" " ind2=" ">
         <subfield code="a">Z0</subfield>
         <subfield code="b">ZYU</subfield>
      </datafield>
      <datafield tag="OWN" ind1=" " ind2=" ">
         <subfield code="a">GENERAL</subfield>
      </datafield>
      <datafield tag="AVA" ind1=" " ind2=" ">
         <subfield code="a">NYU50</subfield>
         <subfield code="b">NISAW</subfield>
         <subfield code="c">Large Collection</subfield>
         <subfield code="d">DG70.T35 B323 2013</subfield>
         <subfield code="e">available</subfield>
         <subfield code="t">Available</subfield>
         <subfield code="f">1</subfield>
         <subfield code="g">0</subfield>
         <subfield code="h">N</subfield>
         <subfield code="i">0</subfield>
         <subfield code="j">LARGE</subfield>
         <subfield code="k">0</subfield>
      </datafield>
      <marc:datafield tag="852" ind1=" " ind2=" ">
         <marc:subfield code="b">Institute for the Study of the Ancient World, </marc:subfield>
         <marc:subfield code="c">Large Collection</marc:subfield>
         <marc:subfield code="e">15 East 84th St., </marc:subfield>
         <marc:subfield code="e">New York, NY  10028</marc:subfield>
      </marc:datafield>
   </record>