
  
  
  
  
  
  
  
 
  
  <record xsi:schemaLocation="http://www.loc.gov/MARC21/slim http://www.loc.gov/standards/marcxml/schema/MARC21slim.xsd">
      <leader>00000nam a22      i 4500</leader>
      <controlfield tag="FMT">BK</controlfield>
      <controlfield tag="LDR">00000nam a22      i 4500</controlfield>
      <controlfield tag="001">004096869</controlfield>
      <controlfield tag="005">20150128142944.0</controlfield>
      <controlfield tag="008">150128s2005    it ab    a    000 0 ita d</controlfield>
      <datafield tag="020" ind1=" " ind2=" ">
         <subfield code="a">9788887828115</subfield>
      </datafield>
      <datafield tag="020" ind1=" " ind2=" ">
         <subfield code="a">8887828113</subfield>
      </datafield>
      <datafield tag="040" ind1=" " ind2=" ">
         <subfield code="a">NNU</subfield>
         <subfield code="b">eng</subfield>
         <subfield code="c">NNU</subfield>
         <subfield code="e">rda</subfield>
      </datafield>
      <datafield tag="041" ind1="0" ind2=" ">
         <subfield code="a">ita</subfield>
         <subfield code="a">eng</subfield>
      </datafield>
      <datafield tag="043" ind1=" " ind2=" ">
         <subfield code="a">a-th---</subfield>
      </datafield>
      <datafield tag="050" ind1=" " ind2="4">
         <subfield code="a">DS589.B2</subfield>
         <subfield code="b">C66 2005</subfield>
      </datafield>
      <datafield tag="111" ind1="2" ind2=" ">
         <subfield code="a">Convegno Italo-Thai "La cultura Thailandese e le relazioni Italo-Thai"</subfield>
         <subfield code="d">(2005 :</subfield>
         <subfield code="c">Torino, Italy)</subfield>
      </datafield>
      <datafield tag="245" ind1="1" ind2="3">
         <subfield code="a">La cultura Thailandese e le relazioni Italo-Thai :</subfield>
         <subfield code="b">atti del convegno, Torino, 20-21 maggio 2004 /</subfield>
         <subfield code="c">a cura di Irma Piovano.</subfield>
      </datafield>
      <datafield tag="264" ind1=" " ind2="1">
         <subfield code="a">Torino :</subfield>
         <subfield code="b">CESMEO,</subfield>
         <subfield code="c">2005.</subfield>
      </datafield>
      <datafield tag="300" ind1=" " ind2=" ">
         <subfield code="a">296 pages :</subfield>
         <subfield code="b">illustrations, maps, plans ;</subfield>
         <subfield code="c">24 cm.</subfield>
      </datafield>
      <datafield tag="336" ind1=" " ind2=" ">
         <subfield code="a">text</subfield>
         <subfield code="b">txt</subfield>
         <subfield code="2">rdacontent</subfield>
      </datafield>
      <datafield tag="337" ind1=" " ind2=" ">
         <subfield code="a">unmediated</subfield>
         <subfield code="b">n</subfield>
         <subfield code="2">rdamedia</subfield>
      </datafield>
      <datafield tag="338" ind1=" " ind2=" ">
         <subfield code="a">volume</subfield>
         <subfield code="b">nc</subfield>
         <subfield code="2">rdacarrier</subfield>
      </datafield>
      <datafield tag="490" ind1="1" ind2=" ">
         <subfield code="a">Orientalia ;</subfield>
         <subfield code="v">11</subfield>
      </datafield>
      <datafield tag="500" ind1=" " ind2=" ">
         <subfield code="a">"Il Convegno Italo-Thai "La cultura Thailandese e le relazioni Italo-Thai‘ e stato organizzato dal Cesmeo presso il Centro Congressi Torino Incontra nei giorni 20 e 21 maggio 2004 in collaborzaione con: Ambasciata Italiana a Bangkok; Ambasciata Thailandese a Roma ..."--Title page verso.</subfield>
      </datafield>
      <datafield tag="500" ind1=" " ind2=" ">
         <subfield code="a">ISAW copy is from the library of Natasha Eilenberg.</subfield>
         <subfield code="5">NNU</subfield>
      </datafield>
      <datafield tag="505" ind1="0" ind2="0">
         <subfield code="t">Singolarità delle relazioni artistiche tra i'Italia ed il Regno del Siam nel corso de XX secolo /</subfield>
         <subfield code="r">Paolo Plazzardi --</subfield>
         <subfield code="t">Iconographie bouddhique dans l'art de la Thaïlande /</subfield>
         <subfield code="r">Khunying Khaisri Sri-Aroon --</subfield>
         <subfield code="t">Terracotta ear-studs and skin-rubbers : looking for the roots of Indianization in Central Thailand /</subfield>
         <subfield code="r">Fiorella Rispoli --</subfield>
         <subfield code="t">Thai-Italian "Lopburi Regional Archaeological Project" : a survey of fifteen years of activities /</subfield>
         <subfield code="r">Roberto Ciarla --</subfield>
         <subfield code="t">Contribution of archaeology to the improvement of life quality at Ban Pong Manao Village, Lopburi Province, Central Thailand /</subfield>
         <subfield code="r">Surapol Natapintu --</subfield>
         <subfield code="t">Bangkok National Museum /</subfield>
         <subfield code="r">Khanitha Boonpan --</subfield>
         <subfield code="t">Renaissance artistique du Siam de Rama Ier à Rama III /</subfield>
         <subfield code="r">Dominique le Bas --</subfield>
         <subfield code="t">Il re del Siam in Italia : Prima visita ufficiale nella storia della relazioni italo-siamesi /</subfield>
         <subfield code="r">Neungreudee Lohapon --</subfield>
         <subfield code="t">Società e Cultura a Bongkon alla fine dell'Ottocento e la figura di Emilio Gerini /</subfield>
         <subfield code="r">Luciano G. Gerini --</subfield>
         <subfield code="t">Mosaic of Gerolamo Emilio Gerini's soul and Siamese literary minds /</subfield>
         <subfield code="r">Kanokwan Rittipairoj --</subfield>
         <subfield code="t">Thailandia a Torino /</subfield>
         <subfield code="r">Pier Luigi Bassignana --</subfield>
         <subfield code="t">Apporto di artisti e architetti italiani alla costruzionee della moderna Bongkok dalle carte di Mario Tamagno /</subfield>
         <subfield code="r">Elena Tamagno --</subfield>
         <subfield code="t">Corrado Feroci a.k.a. Silpa Bhirasri (1892-1962), and Modern Art in Thailand /</subfield>
         <subfield code="r">Maryvelma O'Neil --</subfield>
         <subfield code="t">Costruzione del Palazzo del Trono a Bangkok: il ruolo di annibale rigotti e le forniture europee /</subfield>
         <subfield code="r">Francesca B. Filippi --</subfield>
         <subfield code="t">"Influenze Thai nella produzione degli artisti Italiani di inizio novecento". Le eredità artistiche di Galileo Chini durante e dopo il soggiorno siamese /</subfield>
         <subfield code="r">Paola Polidori Chini.</subfield>
      </datafield>
      <datafield tag="504" ind1=" " ind2=" ">
         <subfield code="a">Includes bibliographical references.</subfield>
      </datafield>
      <datafield tag="546" ind1=" " ind2=" ">
         <subfield code="a">In Italian, with some articles in English.</subfield>
      </datafield>
      <datafield tag="651" ind1=" " ind2="0">
         <subfield code="a">Bangkok (Thailand)</subfield>
         <subfield code="x">Civilization</subfield>
         <subfield code="v">Congresses.</subfield>
      </datafield>
      <datafield tag="651" ind1=" " ind2="0">
         <subfield code="a">Bangkok (Thailand)</subfield>
         <subfield code="x">Civilization</subfield>
         <subfield code="x">Buddhist influences</subfield>
         <subfield code="v">Congresses.</subfield>
      </datafield>
      <datafield tag="651" ind1=" " ind2="0">
         <subfield code="a">Bangkok (Thailand)</subfield>
         <subfield code="x">Antiquities</subfield>
         <subfield code="v">Congresses.</subfield>
      </datafield>
      <datafield tag="700" ind1="1" ind2=" ">
         <subfield code="a">Piovano, Irma</subfield>
         <subfield code="e">editor.</subfield>
      </datafield>
      <datafield tag="710" ind1="2" ind2=" ">
         <subfield code="a">Italy.</subfield>
         <subfield code="b">Ambasciata (Bangkok)</subfield>
         <subfield code="e">organizer.</subfield>
      </datafield>
      <datafield tag="710" ind1="2" ind2=" ">
         <subfield code="a">Thailand.</subfield>
         <subfield code="b">Embassy (Rome)</subfield>
         <subfield code="e">organizer.</subfield>
      </datafield>
      <datafield tag="796" ind1="1" ind2=" ">
         <subfield code="a">Eilenberg, Natasha,</subfield>
         <subfield code="e">donor.</subfield>
      </datafield>
      <datafield tag="797" ind1="2" ind2=" ">
         <subfield code="a">Eilenberg collection.</subfield>
      </datafield>
      <datafield tag="830" ind1=" " ind2="0">
         <subfield code="a">Orientalia (Centro piemontese di studi sul Medio ed Estremo Oriente) ;</subfield>
         <subfield code="v">11.</subfield>
      </datafield>
      <datafield tag="OWN" ind1=" " ind2=" ">
         <subfield code="a">GENERAL</subfield>
      </datafield>
      <datafield tag="AVA" ind1=" " ind2=" ">
         <subfield code="a">NYU50</subfield>
         <subfield code="b">NISAW</subfield>
         <subfield code="c">Small Collection</subfield>
         <subfield code="d">DS589.B2 C66 2005</subfield>
         <subfield code="e">available</subfield>
         <subfield code="t">Available</subfield>
         <subfield code="f">1</subfield>
         <subfield code="g">0</subfield>
         <subfield code="h">N</subfield>
         <subfield code="i">0</subfield>
         <subfield code="j">SMALL</subfield>
         <subfield code="k">0</subfield>
      </datafield>
      <marc:datafield tag="852" ind1=" " ind2=" ">
         <marc:subfield code="b">Institute for the Study of the Ancient World, </marc:subfield>
         <marc:subfield code="c">Small Collection</marc:subfield>
         <marc:subfield code="e">15 East 84th St., </marc:subfield>
         <marc:subfield code="e">New York, NY  10028</marc:subfield>
      </marc:datafield>
   </record>