
  
  
  
  
  
  
 
  
  <record xsi:schemaLocation="http://www.loc.gov/MARC21/slim http://www.loc.gov/standards/marcxml/schema/MARC21slim.xsd">
      <leader>00000cam  2200361 i 4500</leader>
      <controlfield tag="FMT">BK</controlfield>
      <controlfield tag="LDR">00000cam  2200361 i 4500</controlfield>
      <controlfield tag="001">004096888</controlfield>
      <controlfield tag="003">OCoLC</controlfield>
      <controlfield tag="005">20150501113048.0</controlfield>
      <controlfield tag="008">150128t20142014gw       b    001 0 eng d</controlfield>
      <datafield tag="020" ind1=" " ind2=" ">
         <subfield code="a">9783938032862</subfield>
      </datafield>
      <datafield tag="020" ind1=" " ind2=" ">
         <subfield code="a">3938032863</subfield>
      </datafield>
      <datafield tag="035" ind1=" " ind2=" ">
         <subfield code="a">(OCoLC)900193615</subfield>
         <subfield code="z">(OCoLC)894302232</subfield>
      </datafield>
      <datafield tag="035" ind1="7" ind2=" ">
         <subfield code="a">har140434885</subfield>
      </datafield>
      <datafield tag="040" ind1=" " ind2=" ">
         <subfield code="a">NYP</subfield>
         <subfield code="b">eng</subfield>
         <subfield code="e">rda</subfield>
         <subfield code="c">NYP</subfield>
         <subfield code="d">YDXCP</subfield>
         <subfield code="d">BTCTA</subfield>
         <subfield code="d">OHX</subfield>
         <subfield code="d">CGU</subfield>
         <subfield code="d">NNU</subfield>
      </datafield>
      <datafield tag="041" ind1="0" ind2=" ">
         <subfield code="a">eng</subfield>
         <subfield code="a">lat</subfield>
      </datafield>
      <datafield tag="050" ind1=" " ind2="4">
         <subfield code="a">PA6696.S6</subfield>
         <subfield code="b">S655 2014</subfield>
      </datafield>
      <datafield tag="072" ind1=" " ind2="7">
         <subfield code="a">PA</subfield>
         <subfield code="2">lcco</subfield>
      </datafield>
      <datafield tag="245" ind1="0" ind2="0">
         <subfield code="a">Solinus :</subfield>
         <subfield code="b">new studies /</subfield>
         <subfield code="c">edited by Kai Brodersen.</subfield>
      </datafield>
      <datafield tag="264" ind1=" " ind2="1">
         <subfield code="a">Heidelberg :</subfield>
         <subfield code="b">Verlag Antike,</subfield>
         <subfield code="c">[2014].</subfield>
      </datafield>
      <datafield tag="264" ind1=" " ind2="4">
         <subfield code="c">©2014</subfield>
      </datafield>
      <datafield tag="300" ind1=" " ind2=" ">
         <subfield code="a">224 pages ;</subfield>
         <subfield code="c">22 cm</subfield>
      </datafield>
      <datafield tag="336" ind1=" " ind2=" ">
         <subfield code="a">text</subfield>
         <subfield code="b">txt</subfield>
         <subfield code="2">rdacontent</subfield>
      </datafield>
      <datafield tag="337" ind1=" " ind2=" ">
         <subfield code="a">unmediated</subfield>
         <subfield code="b">n</subfield>
         <subfield code="2">rdamedia</subfield>
      </datafield>
      <datafield tag="338" ind1=" " ind2=" ">
         <subfield code="a">volume</subfield>
         <subfield code="b">nc</subfield>
         <subfield code="2">rdacarrier</subfield>
      </datafield>
      <datafield tag="504" ind1=" " ind2=" ">
         <subfield code="a">Includes bibliographical references and index.</subfield>
      </datafield>
      <datafield tag="546" ind1=" " ind2=" ">
         <subfield code="a">Text in English and Latin.</subfield>
      </datafield>
      <datafield tag="505" ind1="0" ind2="0">
         <subfield code="t">Praefatio /</subfield>
         <subfield code="r">Solinus, Gaius Iulius --</subfield>
         <subfield code="t">Turning the tables on Solinus' critics : the unity of contents and form of the Polyhistor /</subfield>
         <subfield code="r">Martels, Zweder von --</subfield>
         <subfield code="t">Paradox and the journey in the dedicatory preface of Solinus' Collectanea /</subfield>
         <subfield code="r">Pavlock, Barbara --</subfield>
         <subfield code="t">Source citation and authority in Solinus /</subfield>
         <subfield code="r">Apps, Arwen --</subfield>
         <subfield code="t">Prosopographia shared by Pliny and Solinus : the question of Solinus' source(s) /</subfield>
         <subfield code="r">Hillard, Tom --</subfield>
         <subfield code="t">Reading the myth(s) of empire : paradoxography and geographic writing in the Collectanea /</subfield>
         <subfield code="r">Romer, Frank E. --</subfield>
         <subfield code="t">Incidentes de una corrección geográfica de Solino a Plinio : la isla de Cos /</subfield>
         <subfield code="r">Fernández Nieto, Francisco Javier --</subfield>
         <subfield code="t">Solinus' Macrobians : a Roman literary account of the Axumite Empire /</subfield>
         <subfield code="r">Belanger, Caroline --</subfield>
         <subfield code="t">Iisdem fere uerbis Solini saepe sunt sententias mutuati : Solinus and late antique Christian literature from Ambrose to Augustine - an old assumption re-examined /</subfield>
         <subfield code="r">Paniagua, David --</subfield>
         <subfield code="t">Solinus' Collectanea rerum memorabilium and Augustine's curiosa historia /</subfield>
         <subfield code="r">Schlapbach, Karin --</subfield>
         <subfield code="t">Teaching with Solinus : Martianus and Priscian /</subfield>
         <subfield code="r">Racine, Félix --</subfield>
         <subfield code="t">How Heinrich Bullinger read his Solinus : reading ancient geography in 16th-century Switzerland /</subfield>
         <subfield code="r">Dover, Paul --</subfield>
         <subfield code="g">Appendix /</subfield>
         <subfield code="r">Dover, Paul --</subfield>
         <subfield code="t">Survey of the contents of Solinus' work --</subfield>
         <subfield code="t">Revised handlist of manuscripts transmitting Solinus' work.</subfield>
      </datafield>
      <datafield tag="600" ind1="1" ind2="0">
         <subfield code="a">Solinus, C. Julius,</subfield>
         <subfield code="d">active 3rd century?</subfield>
         <subfield code="x">Criticism and interpretation.</subfield>
      </datafield>
      <datafield tag="700" ind1="1" ind2=" ">
         <subfield code="a">Brodersen, Kai</subfield>
         <subfield code="e">editor of compilation.</subfield>
      </datafield>
      <datafield tag="994" ind1=" " ind2=" ">
         <subfield code="a">Z0</subfield>
         <subfield code="b">ZYU</subfield>
      </datafield>
      <datafield tag="OWN" ind1=" " ind2=" ">
         <subfield code="a">GENERAL</subfield>
      </datafield>
      <datafield tag="AVA" ind1=" " ind2=" ">
         <subfield code="a">NYU50</subfield>
         <subfield code="b">BOBST</subfield>
         <subfield code="c">Main Collection</subfield>
         <subfield code="d">PA6696.S6 S655 2014</subfield>
         <subfield code="e">available</subfield>
         <subfield code="t">Available</subfield>
         <subfield code="f">1</subfield>
         <subfield code="g">0</subfield>
         <subfield code="h">N</subfield>
         <subfield code="i">0</subfield>
         <subfield code="j">MAIN</subfield>
         <subfield code="k">0</subfield>
      </datafield>
      <datafield tag="AVA" ind1=" " ind2=" ">
         <subfield code="a">NYU50</subfield>
         <subfield code="b">NISAW</subfield>
         <subfield code="c">Small Collection</subfield>
         <subfield code="d">PA6696.S6 S655 2014</subfield>
         <subfield code="e">available</subfield>
         <subfield code="t">Available</subfield>
         <subfield code="f">1</subfield>
         <subfield code="g">0</subfield>
         <subfield code="h">N</subfield>
         <subfield code="i">0</subfield>
         <subfield code="j">SMALL</subfield>
         <subfield code="k">0</subfield>
      </datafield>
      <marc:datafield tag="852" ind1=" " ind2=" ">
         <marc:subfield code="b">Institute for the Study of the Ancient World, </marc:subfield>
         <marc:subfield code="c">Small Collection</marc:subfield>
         <marc:subfield code="e">15 East 84th St., </marc:subfield>
         <marc:subfield code="e">New York, NY  10028</marc:subfield>
      </marc:datafield>
   </record>