
  
  
  
  
  
  
  
 
  
  <record xsi:schemaLocation="http://www.loc.gov/MARC21/slim http://www.loc.gov/standards/marcxml/schema/MARC21slim.xsd">
      <leader>00000cam  2200529 i 4500</leader>
      <controlfield tag="FMT">BK</controlfield>
      <controlfield tag="LDR">00000cam  2200529 i 4500</controlfield>
      <controlfield tag="001">004096902</controlfield>
      <controlfield tag="003">OCoLC</controlfield>
      <controlfield tag="005">20150128162139.0</controlfield>
      <controlfield tag="008">150128m20149999mauab    b    001 0 eng</controlfield>
      <datafield tag="010" ind1=" " ind2=" ">
         <subfield code="a">2013049234</subfield>
      </datafield>
      <datafield tag="020" ind1=" " ind2=" ">
         <subfield code="a">9780897570428 (vol. 1)</subfield>
      </datafield>
      <datafield tag="020" ind1=" " ind2=" ">
         <subfield code="a">0897570421</subfield>
      </datafield>
      <datafield tag="035" ind1=" " ind2=" ">
         <subfield code="a">(OCoLC)865452403</subfield>
         <subfield code="z">(OCoLC)855488891</subfield>
         <subfield code="z">(OCoLC)855582573</subfield>
      </datafield>
      <datafield tag="040" ind1=" " ind2=" ">
         <subfield code="a">DLC</subfield>
         <subfield code="b">eng</subfield>
         <subfield code="e">rda</subfield>
         <subfield code="c">DLC</subfield>
         <subfield code="d">YDX</subfield>
         <subfield code="d">YDXCP</subfield>
         <subfield code="d">BTCTA</subfield>
         <subfield code="d">NYP</subfield>
         <subfield code="d">MEAUC</subfield>
         <subfield code="d">OCLCO</subfield>
         <subfield code="d">NNU</subfield>
      </datafield>
      <datafield tag="042" ind1=" " ind2=" ">
         <subfield code="a">pcc</subfield>
      </datafield>
      <datafield tag="043" ind1=" " ind2=" ">
         <subfield code="a">a-jo---</subfield>
      </datafield>
      <datafield tag="050" ind1="0" ind2="0">
         <subfield code="a">DS154.9.A62</subfield>
         <subfield code="b">R64 2014</subfield>
      </datafield>
      <datafield tag="082" ind1="0" ind2="0">
         <subfield code="a">939.4/8</subfield>
         <subfield code="2">23</subfield>
      </datafield>
      <datafield tag="110" ind1="2" ind2=" ">
         <subfield code="a">Roman Aqaba Project,</subfield>
         <subfield code="e">issuing body.</subfield>
      </datafield>
      <datafield tag="245" ind1="1" ind2="4">
         <subfield code="a">The Roman Aqaba Project :</subfield>
         <subfield code="b">final report /</subfield>
         <subfield code="c">by S. Thomas Parker and Andrew M. Smith II ; with contributions by Cassandra Burns, Marni Cochrane, David F. Graf, Donald O.Henry, Tina M. Niemi, John D. Rucker, and Travis Taverna.</subfield>
      </datafield>
      <datafield tag="264" ind1=" " ind2="1">
         <subfield code="a">Boston, MA :</subfield>
         <subfield code="b">American Schools of Oriental Research,</subfield>
         <subfield code="c">[2014]-</subfield>
      </datafield>
      <datafield tag="300" ind1=" " ind2=" ">
         <subfield code="a">volumes :</subfield>
         <subfield code="b">illustrations, maps ;</subfield>
         <subfield code="c">29 cm.</subfield>
      </datafield>
      <datafield tag="336" ind1=" " ind2=" ">
         <subfield code="a">text</subfield>
         <subfield code="b">txt</subfield>
         <subfield code="2">rdacontent</subfield>
      </datafield>
      <datafield tag="337" ind1=" " ind2=" ">
         <subfield code="a">unmediated</subfield>
         <subfield code="b">n</subfield>
         <subfield code="2">rdamedia</subfield>
      </datafield>
      <datafield tag="338" ind1=" " ind2=" ">
         <subfield code="a">volume</subfield>
         <subfield code="b">nc</subfield>
         <subfield code="2">rdacarrier</subfield>
      </datafield>
      <datafield tag="490" ind1="1" ind2=" ">
         <subfield code="a">American Schools of Oriental Research archeological reports ;</subfield>
         <subfield code="v">number 19</subfield>
      </datafield>
      <datafield tag="504" ind1=" " ind2=" ">
         <subfield code="a">Includes bibliographical references and index.</subfield>
      </datafield>
      <datafield tag="505" ind1="1" ind2="0">
         <subfield code="g">V. 1.</subfield>
         <subfield code="t">Regional environment and the regional survey.</subfield>
         <subfield code="g">Chapter 1 :</subfield>
         <subfield code="t">Introduction /</subfield>
         <subfield code="r">Parker, S. Thomas --</subfield>
         <subfield code="g">Chapter 2 :</subfield>
         <subfield code="t">Regional environmental setting, seismic history, and natural resources of Aqaba, Jordan /</subfield>
         <subfield code="r">Niemi, Tina M. --</subfield>
         <subfield code="g">Chapter 3 :</subfield>
         <subfield code="t">Fish, dates and flying machines : ethno-history and aerial photography in the investigation of Aqaba, Jordan /</subfield>
         <subfield code="r">Rucker, John D. --</subfield>
         <subfield code="r">Niemi, Tina M. --</subfield>
         <subfield code="g">Chapter 4 :</subfield>
         <subfield code="t">The southeaset 'Araba archaeological survey /</subfield>
         <subfield code="r">Smith, Andrew M., II --</subfield>
         <subfield code="g">Chapter 5 :</subfield>
         <subfield code="t">Analysis and interpretation of lithic assemblages recovered from sites in the southeast 'Araba archaeological survey /</subfield>
         <subfield code="r">Henry, Donald O. --</subfield>
         <subfield code="r">Cochrane, Marni --</subfield>
         <subfield code="r">Burns, Cassandra --</subfield>
         <subfield code="r">Taverna, Travis --</subfield>
         <subfield code="g">Chapter 6 :</subfield>
         <subfield code="t">Pottery from the survey /</subfield>
         <subfield code="r">Parker, S. Thomas --</subfield>
         <subfield code="g">Chapter 7 :</subfield>
         <subfield code="t">Nabataean inscriptions from Wādī Museimīr in the southeast Wādī 'Araba /</subfield>
         <subfield code="r">Graf, David F. --</subfield>
         <subfield code="g">Chapter 8 :</subfield>
         <subfield code="t">Hinterland of Roman Aila /</subfield>
         <subfield code="r">Parker, S. Thomas --</subfield>
         <subfield code="r">Smith, Andrew M., II.</subfield>
      </datafield>
      <datafield tag="650" ind1=" " ind2="0">
         <subfield code="a">Excavations (Archaeology)</subfield>
         <subfield code="z">Jordan</subfield>
         <subfield code="z">ʻAqabah.</subfield>
      </datafield>
      <datafield tag="651" ind1=" " ind2="0">
         <subfield code="a">ʻAqabah (Jordan)</subfield>
         <subfield code="x">Antiquities, Roman.</subfield>
      </datafield>
      <datafield tag="650" ind1=" " ind2="0">
         <subfield code="a">Romans</subfield>
         <subfield code="z">Jordan</subfield>
         <subfield code="z">ʻAqabah.</subfield>
      </datafield>
      <datafield tag="610" ind1="2" ind2="0">
         <subfield code="a">Roman Aqaba Project.</subfield>
      </datafield>
      <datafield tag="700" ind1="1" ind2=" ">
         <subfield code="a">Parker, S. Thomas</subfield>
         <subfield code="q">(Samuel Thomas)</subfield>
         <subfield code="e">author.</subfield>
      </datafield>
      <datafield tag="700" ind1="1" ind2=" ">
         <subfield code="a">Smith, Andrew M.</subfield>
         <subfield code="q">(Andrew Michael),</subfield>
         <subfield code="d">1967-</subfield>
         <subfield code="e">author.</subfield>
      </datafield>
      <datafield tag="830" ind1=" " ind2="0">
         <subfield code="a">American Schools of Oriental Research archaeological reports ;</subfield>
         <subfield code="v">no. 19.</subfield>
      </datafield>
      <datafield tag="994" ind1=" " ind2=" ">
         <subfield code="a">Z0</subfield>
         <subfield code="b">ZYU</subfield>
      </datafield>
      <datafield tag="OWN" ind1=" " ind2=" ">
         <subfield code="a">GENERAL</subfield>
      </datafield>
      <datafield tag="AVA" ind1=" " ind2=" ">
         <subfield code="a">NYU50</subfield>
         <subfield code="b">NISAW</subfield>
         <subfield code="c">Large Collection</subfield>
         <subfield code="d">DS154.9.A62 R64 2014</subfield>
         <subfield code="e">available</subfield>
         <subfield code="t">Available</subfield>
         <subfield code="f">1</subfield>
         <subfield code="g">0</subfield>
         <subfield code="h">Y</subfield>
         <subfield code="i">0</subfield>
         <subfield code="j">LARGE</subfield>
         <subfield code="k">0</subfield>
      </datafield>
      <marc:datafield tag="852" ind1=" " ind2=" ">
         <marc:subfield code="b">Institute for the Study of the Ancient World, </marc:subfield>
         <marc:subfield code="c">Large Collection</marc:subfield>
         <marc:subfield code="e">15 East 84th St., </marc:subfield>
         <marc:subfield code="e">New York, NY  10028</marc:subfield>
      </marc:datafield>
   </record>