
  
  
  
  
  
  
 
  
  <record xsi:schemaLocation="http://www.loc.gov/MARC21/slim http://www.loc.gov/standards/marcxml/schema/MARC21slim.xsd">
      <leader>00000cam  2200553 i 4500</leader>
      <controlfield tag="FMT">BK</controlfield>
      <controlfield tag="LDR">00000cam  2200553 i 4500</controlfield>
      <controlfield tag="001">004097044</controlfield>
      <controlfield tag="003">OCoLC</controlfield>
      <controlfield tag="005">20150129110816.0</controlfield>
      <controlfield tag="008">150129s2012    gw abe   b    001 0 ger c</controlfield>
      <datafield tag="016" ind1="7" ind2=" ">
         <subfield code="a">1029326509</subfield>
         <subfield code="2">GyFmDB</subfield>
      </datafield>
      <datafield tag="016" ind1="7" ind2=" ">
         <subfield code="a">1029326509</subfield>
         <subfield code="2">DE-101</subfield>
      </datafield>
      <datafield tag="016" ind1="7" ind2=" ">
         <subfield code="a">016332308</subfield>
         <subfield code="2">Uk</subfield>
      </datafield>
      <datafield tag="020" ind1=" " ind2=" ">
         <subfield code="a">9783884671993</subfield>
         <subfield code="q">(RGZM : hd. bd.)</subfield>
      </datafield>
      <datafield tag="020" ind1=" " ind2=" ">
         <subfield code="a">3884671995</subfield>
         <subfield code="q">(RGZM : hd. bd.)</subfield>
      </datafield>
      <datafield tag="035" ind1=" " ind2=" ">
         <subfield code="a">(OCoLC)839243879</subfield>
      </datafield>
      <datafield tag="040" ind1=" " ind2=" ">
         <subfield code="a">OHX</subfield>
         <subfield code="b">eng</subfield>
         <subfield code="e">rda</subfield>
         <subfield code="c">OHX</subfield>
         <subfield code="d">OCLCO</subfield>
         <subfield code="d">ZCU</subfield>
         <subfield code="d">OCLCO</subfield>
         <subfield code="d">UKMGB</subfield>
         <subfield code="d">OCLCQ</subfield>
         <subfield code="d">NNU</subfield>
      </datafield>
      <datafield tag="041" ind1="0" ind2=" ">
         <subfield code="a">ger</subfield>
         <subfield code="b">ger</subfield>
         <subfield code="b">eng</subfield>
         <subfield code="b">fre</subfield>
      </datafield>
      <datafield tag="042" ind1=" " ind2=" ">
         <subfield code="a">pcc</subfield>
      </datafield>
      <datafield tag="043" ind1=" " ind2=" ">
         <subfield code="a">e------</subfield>
      </datafield>
      <datafield tag="050" ind1=" " ind2="4">
         <subfield code="a">NB1803.R57</subfield>
         <subfield code="b">S35 2012</subfield>
      </datafield>
      <datafield tag="072" ind1=" " ind2="7">
         <subfield code="a">D</subfield>
         <subfield code="2">lcco</subfield>
      </datafield>
      <datafield tag="100" ind1="1" ind2=" ">
         <subfield code="a">Scholz, Markus</subfield>
         <subfield code="e">author.</subfield>
      </datafield>
      <datafield tag="245" ind1="1" ind2="0">
         <subfield code="a">Grabbauten in den nördlichen Grenzprovinzen des Römischen Reiches zwischen Britannien und dem Schwarzen Meer, 1.-3. Jahrhundert n. Chr. /</subfield>
         <subfield code="c">Markus Scholz ; Römisch-Germanisches Zentralmuseum, Forschungsinstitut für Archäologie.</subfield>
      </datafield>
      <datafield tag="246" ind1="1" ind2="4">
         <subfield code="a">Grabbauten des 1.-3. Jahrhunderts in den nördlichen Grenzprovinzen des Römischen Reiches</subfield>
      </datafield>
      <datafield tag="264" ind1=" " ind2="1">
         <subfield code="a">Mainz :</subfield>
         <subfield code="b">Verlag des Römisch-Germanischen Zentralmuseums,</subfield>
         <subfield code="c">2012.</subfield>
      </datafield>
      <datafield tag="300" ind1=" " ind2=" ">
         <subfield code="a">2 volumes :</subfield>
         <subfield code="b">illustrations (some color), maps, plans ;</subfield>
         <subfield code="c">31 cm.</subfield>
      </datafield>
      <datafield tag="336" ind1=" " ind2=" ">
         <subfield code="a">text</subfield>
         <subfield code="b">txt</subfield>
         <subfield code="2">rdacontent</subfield>
      </datafield>
      <datafield tag="337" ind1=" " ind2=" ">
         <subfield code="a">unmediated</subfield>
         <subfield code="b">n</subfield>
         <subfield code="2">rdamedia</subfield>
      </datafield>
      <datafield tag="338" ind1=" " ind2=" ">
         <subfield code="a">volume</subfield>
         <subfield code="b">nc</subfield>
         <subfield code="2">rdacarrier</subfield>
      </datafield>
      <datafield tag="490" ind1="1" ind2=" ">
         <subfield code="a">Monographien des Römisch-Germanisches Zentralmuseums,</subfield>
         <subfield code="x">0171-1474 ;</subfield>
         <subfield code="v">Band 103</subfield>
      </datafield>
      <datafield tag="546" ind1=" " ind2=" ">
         <subfield code="a">In German; summaries in German, English and French.</subfield>
      </datafield>
      <datafield tag="504" ind1=" " ind2=" ">
         <subfield code="a">Includes bibliographical references (Teil 1, pages 551-571) and index.</subfield>
      </datafield>
      <datafield tag="505" ind1="0" ind2="0">
         <subfield code="g">T. 1.</subfield>
         <subfield code="t">Tumuli und Rundbauten --</subfield>
         <subfield code="t">Mausolea --</subfield>
         <subfield code="t">Pfeilermonumente --</subfield>
         <subfield code="t">Grabaltäre und altarförmige Grabbauten --</subfield>
         <subfield code="t">Stelenmonumente --</subfield>
         <subfield code="t">Tempelförmige Grabbauten --</subfield>
         <subfield code="t">Grabbauten mit halbrunder Nische (exedrae, scholae und Apsiden) --</subfield>
         <subfield code="t">Pyramidenförmige Grabmäler --</subfield>
         <subfield code="t">Frei aufgestellte Aschenkisten und Hausgrabsteine --</subfield>
         <subfield code="t">Offene Umfriedungen.</subfield>
         <subfield code="g">T. 2.</subfield>
         <subfield code="t">Karten 1-22 --</subfield>
         <subfield code="t">Listen der zur Auswertung und Kartierung herangezogenen Grabbauten --</subfield>
         <subfield code="t">Tumuli und Rundbauten --</subfield>
         <subfield code="t">Grabhügel --</subfield>
         <subfield code="t">Mausolea --</subfield>
         <subfield code="t">Aediculae --</subfield>
         <subfield code="t">Pfeiler --</subfield>
         <subfield code="t">Altäre und altarförmige Grabbauten --</subfield>
         <subfield code="t">Monumentalstelen --</subfield>
         <subfield code="t">Tempelförmige Grabbauten --</subfield>
         <subfield code="t">Unterirdische Grabkammern --</subfield>
         <subfield code="t">Gemauerte Grabbauten unbestimmter Rekonstruktion --</subfield>
         <subfield code="t">Grabbauten mit halbrunden Nischen (exedrae und scholae) --</subfield>
         <subfield code="t">Pyramidenförmige Grabmäler --</subfield>
         <subfield code="t">Frei aufgestellte Aschenkisten und Hausgrabsteine ("stèle-maisons") --</subfield>
         <subfield code="t">Offene Umfriedungen.</subfield>
      </datafield>
      <datafield tag="650" ind1=" " ind2="0">
         <subfield code="a">Sepulchral monuments</subfield>
         <subfield code="z">Rome</subfield>
         <subfield code="x">Provinces.</subfield>
      </datafield>
      <datafield tag="650" ind1=" " ind2="0">
         <subfield code="a">Sculpture, Roman</subfield>
         <subfield code="z">Rome</subfield>
         <subfield code="x">Provinces.</subfield>
      </datafield>
      <datafield tag="650" ind1=" " ind2="0">
         <subfield code="a">Roman provinces</subfield>
         <subfield code="z">Europe</subfield>
         <subfield code="x">Antiquities, Roman.</subfield>
      </datafield>
      <datafield tag="650" ind1=" " ind2="0">
         <subfield code="a">Roman provinces</subfield>
         <subfield code="z">Europe</subfield>
         <subfield code="x">History.</subfield>
      </datafield>
      <datafield tag="710" ind1="2" ind2=" ">
         <subfield code="a">Römisch-Germanisches Zentralmuseum Mainz.</subfield>
         <subfield code="b">Forschungsinstitut für Archäologie,</subfield>
         <subfield code="e">issuing body.</subfield>
      </datafield>
      <datafield tag="830" ind1=" " ind2="0">
         <subfield code="a">Monographien (Römisch-Germanisches Zentralmuseum Mainz. Forschungsinstitut für Vor- und Frühgeschichte) ;</subfield>
         <subfield code="v">Bd. 103.</subfield>
      </datafield>
      <datafield tag="994" ind1=" " ind2=" ">
         <subfield code="a">Z0</subfield>
         <subfield code="b">ZYU</subfield>
      </datafield>
      <datafield tag="OWN" ind1=" " ind2=" ">
         <subfield code="a">GENERAL</subfield>
      </datafield>
      <datafield tag="AVA" ind1=" " ind2=" ">
         <subfield code="a">NYU50</subfield>
         <subfield code="b">NISAW</subfield>
         <subfield code="c">Large Collection</subfield>
         <subfield code="d">NB1803.R57 S35 2012</subfield>
         <subfield code="e">available</subfield>
         <subfield code="t">Available</subfield>
         <subfield code="f">2</subfield>
         <subfield code="g">0</subfield>
         <subfield code="h">Y</subfield>
         <subfield code="i">0</subfield>
         <subfield code="j">LARGE</subfield>
         <subfield code="k">0</subfield>
      </datafield>
      <marc:datafield tag="852" ind1=" " ind2=" ">
         <marc:subfield code="b">Institute for the Study of the Ancient World, </marc:subfield>
         <marc:subfield code="c">Large Collection</marc:subfield>
         <marc:subfield code="e">15 East 84th St., </marc:subfield>
         <marc:subfield code="e">New York, NY  10028</marc:subfield>
      </marc:datafield>
   </record>