
  
  
  
  
  
  
 
  
  <record xsi:schemaLocation="http://www.loc.gov/MARC21/slim http://www.loc.gov/standards/marcxml/schema/MARC21slim.xsd">
      <leader>00000cam  2200613 i 4500</leader>
      <controlfield tag="FMT">BK</controlfield>
      <controlfield tag="LDR">00000cam  2200613 i 4500</controlfield>
      <controlfield tag="001">004097309</controlfield>
      <controlfield tag="003">OCoLC</controlfield>
      <controlfield tag="005">20150129155734.0</controlfield>
      <controlfield tag="008">150129s2014    be ab    b    000 0 eng c</controlfield>
      <datafield tag="020" ind1=" " ind2=" ">
         <subfield code="a">9789042930094</subfield>
      </datafield>
      <datafield tag="020" ind1=" " ind2=" ">
         <subfield code="a">9042930098</subfield>
      </datafield>
      <datafield tag="035" ind1=" " ind2=" ">
         <subfield code="a">(OCoLC)881612037</subfield>
         <subfield code="z">(OCoLC)887089117</subfield>
      </datafield>
      <datafield tag="040" ind1=" " ind2=" ">
         <subfield code="a">ERASA</subfield>
         <subfield code="b">eng</subfield>
         <subfield code="e">rda</subfield>
         <subfield code="c">ERASA</subfield>
         <subfield code="d">YDXCP</subfield>
         <subfield code="d">BTCTA</subfield>
         <subfield code="d">OCLCO</subfield>
         <subfield code="d">DGU</subfield>
         <subfield code="d">CDX</subfield>
         <subfield code="d">UAB</subfield>
         <subfield code="d">JHE</subfield>
         <subfield code="d">VVC</subfield>
         <subfield code="d">OCLCF</subfield>
         <subfield code="d">NNU</subfield>
      </datafield>
      <datafield tag="042" ind1=" " ind2=" ">
         <subfield code="a">pcc</subfield>
      </datafield>
      <datafield tag="043" ind1=" " ind2=" ">
         <subfield code="a">e-it---</subfield>
      </datafield>
      <datafield tag="050" ind1=" " ind2="4">
         <subfield code="a">GN780.22.I8</subfield>
         <subfield code="b">R47 2014</subfield>
      </datafield>
      <datafield tag="082" ind1="0" ind2="4">
         <subfield code="a">938</subfield>
      </datafield>
      <datafield tag="090" ind1=" " ind2=" ">
         <subfield code="a">GT3252.A2</subfield>
         <subfield code="b">R47 2014</subfield>
      </datafield>
      <datafield tag="245" ind1="0" ind2="0">
         <subfield code="a">Research into pre-Roman burial grounds in Italy /</subfield>
         <subfield code="c">edited by Albert J. Nijboer, Sarah L. Willemsen, Peter A.J. Attema, Jorn F. Seubers.</subfield>
      </datafield>
      <datafield tag="264" ind1=" " ind2="1">
         <subfield code="a">Leuven ;</subfield>
         <subfield code="a">Paris ;</subfield>
         <subfield code="a">Walpole, MA :</subfield>
         <subfield code="b">Peeters,</subfield>
         <subfield code="c">2014.</subfield>
      </datafield>
      <datafield tag="300" ind1=" " ind2=" ">
         <subfield code="a">xi, 220 pages :</subfield>
         <subfield code="b">illustrations (some color), maps (some color) ;</subfield>
         <subfield code="c">24 cm.</subfield>
      </datafield>
      <datafield tag="336" ind1=" " ind2=" ">
         <subfield code="a">text</subfield>
         <subfield code="b">txt</subfield>
         <subfield code="2">rdacontent</subfield>
      </datafield>
      <datafield tag="337" ind1=" " ind2=" ">
         <subfield code="a">unmediated</subfield>
         <subfield code="b">n</subfield>
         <subfield code="2">rdamedia</subfield>
      </datafield>
      <datafield tag="338" ind1=" " ind2=" ">
         <subfield code="a">volume</subfield>
         <subfield code="b">nc</subfield>
         <subfield code="2">rdacarrier</subfield>
      </datafield>
      <datafield tag="490" ind1="1" ind2=" ">
         <subfield code="a">Caeculus. Papers on Mediterranean Archaeology and Greek &amp; Roman Studies ;</subfield>
         <subfield code="v">8</subfield>
      </datafield>
      <datafield tag="504" ind1=" " ind2=" ">
         <subfield code="a">Includes bibliographical references (pages 185-220).</subfield>
      </datafield>
      <datafield tag="505" ind1="0" ind2="0">
         <subfield code="t">Necropolis of Crustumerium : preliminary results from an interdisciplinary analysis of two groups of tombs /</subfield>
         <subfield code="r">Marchesini, Barbara Belelli --</subfield>
         <subfield code="r">Pantano, Walter B. --</subfield>
         <subfield code="t">Changing funerary ritual ritual at Crustumerium (ca. 625 BC) /</subfield>
         <subfield code="r">Willemsen, Sarah L. --</subfield>
         <subfield code="t">"Unwanted children" in the road trench area at Crustumerium /</subfield>
         <subfield code="r">Jarva, Eero --</subfield>
         <subfield code="t">Biographies of tombs and the metaphorical representations of the crustumini : Remembering the Dead project and the funerary excavations at Cisterna Grande at Crustumerium 2004-2008 /</subfield>
         <subfield code="r">Rajala, Ulla --</subfield>
         <subfield code="t">Research in Villanovan necropoleis of Verucchio, 9th to 7th century BC /</subfield>
         <subfield code="r">Eles, Patrizia von --</subfield>
         <subfield code="t">Necropolis of Vetulonia during the Orientalizing period; a research project /</subfield>
         <subfield code="r">Colombi, Camilla --</subfield>
         <subfield code="t">Orientalizing necropolis of Macchia della Comunita - Veii : some observations on its development /</subfield>
         <subfield code="r">Neri, Sara --</subfield>
         <subfield code="t">New burial ground from Satricum : preliminary results of the excavations in 2010 /</subfield>
         <subfield code="r">Gnade, Marijke --</subfield>
         <subfield code="t">Macchiabate necropolis in Francavilla Marittima (Calabria) : some preliminary notes on the recent excavations by the university of Basel /</subfield>
         <subfield code="r">Guggisberg, Martin A. --</subfield>
         <subfield code="t">Omnia mors aequat and other problems with processing data from a large cemetery /</subfield>
         <subfield code="r">Melisch, Claudia M. --</subfield>
         <subfield code="r">Sewell, Jamie.</subfield>
      </datafield>
      <datafield tag="520" ind1="8" ind2=" ">
         <subfield code="a">This book results from a specialist workshop held at the University of Groningen in 2011 highlighting new results in the field of funerary archaeology. It contains papers on funerary sites in Italy ranging from Verucchio in Emilia Romagna to Francavilla Marittima in Calabria between the 9th and 4th centuries BC. Four papers deal with the hundreds of Iron Age and Archaic tombs excavated at Crustumerium (Rome). Other papers deal with the necropoleis of Francavilla Marittima, Satricum, Verucchio, Vetulonia and Veii. The volume concludes with an article on the excavation of 3700 medieval and later graves around St. Peter's church in the centre of Berlin offering an example of recent developments in recording and assessing large funerary datasets. Archaeologists working on pre-Roman Italy are indeed frequently confronted with large burial grounds holding hundreds to thousands of graves and having complex excavation and publication histories. These and other challenges of funerary archaeology are conscientiously and creatively addressed by the authors of this volume.</subfield>
      </datafield>
      <datafield tag="650" ind1=" " ind2="0">
         <subfield code="a">Iron age</subfield>
         <subfield code="z">Italy</subfield>
         <subfield code="v">Congresses.</subfield>
      </datafield>
      <datafield tag="650" ind1=" " ind2="0">
         <subfield code="a">Excavations (Archaeology)</subfield>
         <subfield code="z">Italy</subfield>
         <subfield code="v">Congresses.</subfield>
      </datafield>
      <datafield tag="650" ind1=" " ind2="0">
         <subfield code="a">Funeral rites and ceremonies</subfield>
         <subfield code="z">Italy</subfield>
         <subfield code="v">Congresses.</subfield>
      </datafield>
      <datafield tag="650" ind1=" " ind2="0">
         <subfield code="a">Tombs</subfield>
         <subfield code="z">Italy</subfield>
         <subfield code="v">Congresses.</subfield>
      </datafield>
      <datafield tag="651" ind1=" " ind2="0">
         <subfield code="a">Italy</subfield>
         <subfield code="x">Antiquities</subfield>
         <subfield code="v">Congresses.</subfield>
      </datafield>
      <datafield tag="650" ind1=" " ind2="7">
         <subfield code="a">Antiquities.</subfield>
         <subfield code="2">fast</subfield>
         <subfield code="0">(OCoLC)fst00810745</subfield>
      </datafield>
      <datafield tag="650" ind1=" " ind2="7">
         <subfield code="a">Burial.</subfield>
         <subfield code="2">fast</subfield>
         <subfield code="0">(OCoLC)fst00841751</subfield>
      </datafield>
      <datafield tag="650" ind1=" " ind2="7">
         <subfield code="a">Excavations (Archaeology)</subfield>
         <subfield code="2">fast</subfield>
         <subfield code="0">(OCoLC)fst00917564</subfield>
      </datafield>
      <datafield tag="650" ind1=" " ind2="7">
         <subfield code="a">Iron age.</subfield>
         <subfield code="2">fast</subfield>
         <subfield code="0">(OCoLC)fst00979145</subfield>
      </datafield>
      <datafield tag="650" ind1=" " ind2="7">
         <subfield code="a">Tombs.</subfield>
         <subfield code="2">fast</subfield>
         <subfield code="0">(OCoLC)fst01152439</subfield>
      </datafield>
      <datafield tag="651" ind1=" " ind2="7">
         <subfield code="a">Italy.</subfield>
         <subfield code="2">fast</subfield>
         <subfield code="0">(OCoLC)fst01204565</subfield>
      </datafield>
      <datafield tag="700" ind1="1" ind2=" ">
         <subfield code="a">Nijboer, Albert</subfield>
         <subfield code="e">editor of compilation.</subfield>
      </datafield>
      <datafield tag="700" ind1="1" ind2=" ">
         <subfield code="a">Willemsen, Sarah L.,</subfield>
         <subfield code="e">editor of compilation.</subfield>
      </datafield>
      <datafield tag="700" ind1="1" ind2=" ">
         <subfield code="a">Attema, P. A. J.</subfield>
         <subfield code="e">editor of compilation.</subfield>
      </datafield>
      <datafield tag="700" ind1="1" ind2=" ">
         <subfield code="a">Seubers, Jorn F.,</subfield>
         <subfield code="e">editor of compilation.</subfield>
      </datafield>
      <datafield tag="830" ind1=" " ind2="0">
         <subfield code="a">Caeculus ;</subfield>
         <subfield code="v">8.</subfield>
      </datafield>
      <datafield tag="994" ind1=" " ind2=" ">
         <subfield code="a">Z0</subfield>
         <subfield code="b">ZYU</subfield>
      </datafield>
      <datafield tag="OWN" ind1=" " ind2=" ">
         <subfield code="a">GENERAL</subfield>
      </datafield>
      <datafield tag="AVA" ind1=" " ind2=" ">
         <subfield code="a">NYU50</subfield>
         <subfield code="b">NISAW</subfield>
         <subfield code="c">Small Collection</subfield>
         <subfield code="d">GT3252.A2 R47 2014</subfield>
         <subfield code="e">available</subfield>
         <subfield code="t">Available</subfield>
         <subfield code="f">1</subfield>
         <subfield code="g">0</subfield>
         <subfield code="h">N</subfield>
         <subfield code="i">0</subfield>
         <subfield code="j">SMALL</subfield>
         <subfield code="k">0</subfield>
      </datafield>
      <marc:datafield tag="852" ind1=" " ind2=" ">
         <marc:subfield code="b">Institute for the Study of the Ancient World, </marc:subfield>
         <marc:subfield code="c">Small Collection</marc:subfield>
         <marc:subfield code="e">15 East 84th St., </marc:subfield>
         <marc:subfield code="e">New York, NY  10028</marc:subfield>
      </marc:datafield>
   </record>