
  
  
  
  
  
 
  
  <record xsi:schemaLocation="http://www.loc.gov/MARC21/slim http://www.loc.gov/standards/marcxml/schema/MARC21slim.xsd">
      <leader>00000cam  2200529 a 4500</leader>
      <controlfield tag="FMT">BK</controlfield>
      <controlfield tag="LDR">00000cam  2200529 a 4500</controlfield>
      <controlfield tag="001">004097322</controlfield>
      <controlfield tag="003">OCoLC</controlfield>
      <controlfield tag="005">20150129164433.0</controlfield>
      <controlfield tag="008">150129s2012    tu ab    bc   000 0 eng d</controlfield>
      <datafield tag="016" ind1="7" ind2=" ">
         <subfield code="a">016493874</subfield>
         <subfield code="2">Uk</subfield>
      </datafield>
      <datafield tag="020" ind1=" " ind2=" ">
         <subfield code="a">9789751736680</subfield>
      </datafield>
      <datafield tag="020" ind1=" " ind2=" ">
         <subfield code="a">9751736684</subfield>
      </datafield>
      <datafield tag="020" ind1=" " ind2=" ">
         <subfield code="a">9789751736703</subfield>
      </datafield>
      <datafield tag="020" ind1=" " ind2=" ">
         <subfield code="a">9751736706</subfield>
      </datafield>
      <datafield tag="035" ind1=" " ind2=" ">
         <subfield code="a">(OCoLC)857301598</subfield>
         <subfield code="z">(OCoLC)867607425</subfield>
      </datafield>
      <datafield tag="040" ind1=" " ind2=" ">
         <subfield code="a">MUU</subfield>
         <subfield code="c">MUU</subfield>
         <subfield code="d">MUU</subfield>
         <subfield code="d">YDXCP</subfield>
         <subfield code="d">UKMGB</subfield>
         <subfield code="d">ZCU</subfield>
         <subfield code="d">EUX</subfield>
         <subfield code="d">BTCTA</subfield>
         <subfield code="d">OCLCO</subfield>
         <subfield code="d">OCLCF</subfield>
         <subfield code="d">COO</subfield>
         <subfield code="d">NNU</subfield>
      </datafield>
      <datafield tag="041" ind1="1" ind2=" ">
         <subfield code="a">eng</subfield>
         <subfield code="h">tur</subfield>
      </datafield>
      <datafield tag="043" ind1=" " ind2=" ">
         <subfield code="a">a-tu---</subfield>
      </datafield>
      <datafield tag="050" ind1=" " ind2="4">
         <subfield code="a">DR738.5.F38</subfield>
         <subfield code="b">S3513 2013</subfield>
      </datafield>
      <datafield tag="130" ind1="0" ind2=" ">
         <subfield code="a">Saklı limandan hikayeler.</subfield>
         <subfield code="l">English</subfield>
      </datafield>
      <datafield tag="245" ind1="1" ind2="0">
         <subfield code="a">Stories from the hidden harbor :</subfield>
         <subfield code="b">shipwrecks of Yenikapı /</subfield>
         <subfield code="c">[exhibition and publication coordination, Zeynep Kızıltan, Gülbahar Baran Çelik].</subfield>
      </datafield>
      <datafield tag="246" ind1="3" ind2="0">
         <subfield code="a">Shipwrecks of Yenikapı</subfield>
      </datafield>
      <datafield tag="260" ind1=" " ind2=" ">
         <subfield code="a">İstanbul :</subfield>
         <subfield code="b">İstanbul Archaeological Museums Press,</subfield>
         <subfield code="c">2013.</subfield>
      </datafield>
      <datafield tag="300" ind1=" " ind2=" ">
         <subfield code="a">219 p. :</subfield>
         <subfield code="b">col. ill., col. maps ;</subfield>
         <subfield code="c">29 cm.</subfield>
      </datafield>
      <datafield tag="500" ind1=" " ind2=" ">
         <subfield code="a">Translation of: Saklı limandan hikayeler : Yenikapıʼnın batıkları.</subfield>
      </datafield>
      <datafield tag="500" ind1=" " ind2=" ">
         <subfield code="a">Catalog of an exhibition held at the İstanbul Archaeological Museums, beginning Jun. 24, 2013.</subfield>
      </datafield>
      <datafield tag="504" ind1=" " ind2=" ">
         <subfield code="a">Includes bibliographical references.</subfield>
      </datafield>
      <datafield tag="505" ind1="0" ind2="0">
         <subfield code="t">Yenikapı excavations and trade in Istanbul in antiquity /</subfield>
         <subfield code="r">Asal, Rahmi --</subfield>
         <subfield code="t">Harbors of Byzantine Constantinople</subfield>
         <subfield code="r">Magdalino, Paul --</subfield>
         <subfield code="t">Shipwrecks of Yenikapı and their contribution to the study of ship construction /</subfield>
         <subfield code="r">Pulak, Cemal --</subfield>
         <subfield code="r">Ingram, Rebecca --</subfield>
         <subfield code="r">Jones, Michael --</subfield>
         <subfield code="r">Matthews, Sheila --</subfield>
         <subfield code="t">New milestone in ship archaeology : the Yenikapı shipwrecks project /</subfield>
         <subfield code="r">Kocabaş, Ufuk --</subfield>
         <subfield code="r">Özsait-Kocabaş, Işil --</subfield>
         <subfield code="t">Centuries-long voyage of ship Yenikapı 12 /</subfield>
         <subfield code="r">Özsait-Kocabaş, Işil --</subfield>
         <subfield code="t">Yenikapı 3 : a merchantman carrying the past /</subfield>
         <subfield code="r">Çetiner, Ayşegül --</subfield>
         <subfield code="t">Coins from Antioch in the Theodosian harbor : the hoard of bronze coins from the reign of Justinian I /</subfield>
         <subfield code="r">Öztopbaş, Sedat.</subfield>
         <subfield code="g">Catalogue.</subfield>
         <subfield code="t">Neolithic period /</subfield>
         <subfield code="r">Polat, Mehmet Ali --</subfield>
         <subfield code="t">Greek-Roman period /</subfield>
         <subfield code="r">Öncü, Öğül Emre --</subfield>
         <subfield code="t">Byzantine period /</subfield>
         <subfield code="r">Polat, Mehmet Ali --</subfield>
         <subfield code="r">Öncü, Öğül Emre --</subfield>
         <subfield code="r">Çölmekçi, Sırrı --</subfield>
         <subfield code="t">Gold coin hoard of the Yenikapı shipwrecks /</subfield>
         <subfield code="r">Öztopbaş, Sedat --</subfield>
         <subfield code="t">Animal skeletal remains discovered at the Metro and Marmaray excavations /</subfield>
         <subfield code="r">Onar, Vedat --</subfield>
         <subfield code="t">Ottoman period /</subfield>
         <subfield code="r">Aydın, Nilüfer --</subfield>
         <subfield code="t">YK 35 /</subfield>
         <subfield code="r">Polat, Mehmet Ali --</subfield>
         <subfield code="t">YK 3 /</subfield>
         <subfield code="r">Demirkök, Feza --</subfield>
         <subfield code="r">Kongaz, Gülcan --</subfield>
         <subfield code="r">Kömürcü, Özlem Korkmaz --</subfield>
         <subfield code="t">YK 12 /</subfield>
         <subfield code="r">Denker, Asuman --</subfield>
         <subfield code="r">Demirkök, Feza --</subfield>
         <subfield code="r">Kongaz, Gülcan --</subfield>
         <subfield code="r">Kiraz, Mine --</subfield>
         <subfield code="r">Kömürcü, Özlem Korkmaz --</subfield>
         <subfield code="r">Akbaytogan, Tuğçe --</subfield>
         <subfield code="t">YK 1 /</subfield>
         <subfield code="r">Denker, Asuman --</subfield>
         <subfield code="r">Demirkök, Feza --</subfield>
         <subfield code="r">Kiraz, Mine --</subfield>
         <subfield code="r">Akbaytogan, Tuğçe.</subfield>
      </datafield>
      <datafield tag="508" ind1=" " ind2=" ">
         <subfield code="a">"With the support of Vehbi Koc̣ Vakfı, Koç University's Research Center for Anatolian Civilizations and Koç University Press" -- facing t.p.verso.</subfield>
      </datafield>
      <datafield tag="650" ind1=" " ind2="0">
         <subfield code="a">Shipwrecks</subfield>
         <subfield code="z">Turkey</subfield>
         <subfield code="z">Istanbul</subfield>
         <subfield code="z">Fatih</subfield>
         <subfield code="v">Exhibitions.</subfield>
      </datafield>
      <datafield tag="650" ind1=" " ind2="0">
         <subfield code="a">Underwater archaeology</subfield>
         <subfield code="z">Turkey</subfield>
         <subfield code="z">Istanbul</subfield>
         <subfield code="z">Fatih</subfield>
         <subfield code="v">Exhibitions.</subfield>
      </datafield>
      <datafield tag="650" ind1=" " ind2="0">
         <subfield code="a">Excavations (Archaeology)</subfield>
         <subfield code="z">Turkey</subfield>
         <subfield code="z">Istanbul</subfield>
         <subfield code="z">Fatih</subfield>
         <subfield code="v">Exhibitions.</subfield>
      </datafield>
      <datafield tag="650" ind1=" " ind2="0">
         <subfield code="a">Shipwrecks</subfield>
         <subfield code="x">Conservation and restoration</subfield>
         <subfield code="v">Exhibitions.</subfield>
      </datafield>
      <datafield tag="651" ind1=" " ind2="0">
         <subfield code="a">Fatih (Istanbul, Turkey)</subfield>
         <subfield code="x">Antiquities</subfield>
         <subfield code="v">Exhibitions.</subfield>
      </datafield>
      <datafield tag="650" ind1=" " ind2="7">
         <subfield code="a">Antiquities.</subfield>
         <subfield code="2">fast</subfield>
         <subfield code="0">(OCoLC)fst00810745</subfield>
      </datafield>
      <datafield tag="650" ind1=" " ind2="7">
         <subfield code="a">Shipwrecks.</subfield>
         <subfield code="2">fast</subfield>
         <subfield code="0">(OCoLC)fst01116638</subfield>
      </datafield>
      <datafield tag="650" ind1=" " ind2="7">
         <subfield code="a">Shipwrecks</subfield>
         <subfield code="x">Conservation and restoration.</subfield>
         <subfield code="2">fast</subfield>
         <subfield code="0">(OCoLC)fst01116640</subfield>
      </datafield>
      <datafield tag="650" ind1=" " ind2="7">
         <subfield code="a">Underwater archaeology.</subfield>
         <subfield code="2">fast</subfield>
         <subfield code="0">(OCoLC)fst01161071</subfield>
      </datafield>
      <datafield tag="651" ind1=" " ind2="7">
         <subfield code="a">Turkey</subfield>
         <subfield code="z">Istanbul.</subfield>
         <subfield code="2">fast</subfield>
         <subfield code="0">(OCoLC)fst01204833</subfield>
      </datafield>
      <datafield tag="655" ind1=" " ind2="7">
         <subfield code="a">Exhibition catalogs.</subfield>
         <subfield code="2">fast</subfield>
         <subfield code="0">(OCoLC)fst01424028</subfield>
      </datafield>
      <datafield tag="700" ind1="1" ind2=" ">
         <subfield code="a">Kızıltan, Zeynep</subfield>
         <subfield code="e">editor of compilation.</subfield>
      </datafield>
      <datafield tag="700" ind1="1" ind2=" ">
         <subfield code="a">Baran-Çelik, Gülbahar</subfield>
         <subfield code="e">editor of compilation.</subfield>
      </datafield>
      <datafield tag="710" ind1="2" ind2=" ">
         <subfield code="a">İstanbul Arkeoloji Müzeleri</subfield>
         <subfield code="e">host institution.</subfield>
      </datafield>
      <datafield tag="994" ind1=" " ind2=" ">
         <subfield code="a">Z0</subfield>
         <subfield code="b">ZYU</subfield>
      </datafield>
      <datafield tag="OWN" ind1=" " ind2=" ">
         <subfield code="a">GENERAL</subfield>
      </datafield>
      <datafield tag="AVA" ind1=" " ind2=" ">
         <subfield code="a">NYU50</subfield>
         <subfield code="b">NISAW</subfield>
         <subfield code="c">Large Collection</subfield>
         <subfield code="d">DR738.5.F38 S3513 2013</subfield>
         <subfield code="e">available</subfield>
         <subfield code="t">Available</subfield>
         <subfield code="f">1</subfield>
         <subfield code="g">0</subfield>
         <subfield code="h">N</subfield>
         <subfield code="i">0</subfield>
         <subfield code="j">LARGE</subfield>
         <subfield code="k">0</subfield>
      </datafield>
      <marc:datafield tag="852" ind1=" " ind2=" ">
         <marc:subfield code="b">Institute for the Study of the Ancient World, </marc:subfield>
         <marc:subfield code="c">Large Collection</marc:subfield>
         <marc:subfield code="e">15 East 84th St., </marc:subfield>
         <marc:subfield code="e">New York, NY  10028</marc:subfield>
      </marc:datafield>
   </record>